%% This BibTeX bibliography file in UTF-8 format was created using Papers.
%% http://mekentosj.com/papers/

@article{Wu:2009p97,
author = {AR Wu and JB Hiatt and R Lu and JL Attema and NA Lobo and IL Weissman and MF Clarke and SR Quake}, 
journal = {Lab on a Chip},
title = {Automated microfluidic chromatin immunoprecipitation from 2,000 cells},
number = {10},
pages = {1365--1370},
volume = {9},
year = {2009},
date-added = {2010-01-12 17:23:06 -0300},
date-modified = {2010-01-12 17:25:05 -0300},
pmid = {related:noZs4Cg-JX8J},
local-url = {file://localhost/Users/bernardo/References/Papers/Wu/Wu.pdf},
uri = {papers://026E33A6-A838-4B47-A68E-FD56DC4A49FB/Paper/p97},
read = {Yes},
rating = {0}
}

@article{Fonseca:2010p792,
author = {D Fonseca and B Kyotoku and A Maia}, 
journal = {Journal of Biomedical {\ldots}},
title = {In vitro imaging of remaining dentin and pulp chamber by optical coherence {\ldots}},
abstract = {We report the application of optical coherence tomography (OCT) to generate images of the remaining dentin and pulp chamber of in vitro human teeth. Bidimensional images of remaining dentin and of the pulp chamber were obtained parallel to the long axis of the teeth, by two OCT },
date-added = {2010-04-08 15:02:58 -0300},
date-modified = {2010-04-08 15:02:58 -0300},
URL = {http://www.spie.org/x648.html?product_id=834399},
uri = {papers://026E33A6-A838-4B47-A68E-FD56DC4A49FB/Paper/p792},
rating = {0}
}

@article{Brouckaert:2008p108,
author = {J Brouckaert and W Bogaerts and S Selvaraja and P Dumon and R Baets and D Van Thourhout}, 
journal = {IEEE Photonics Technology Letters},
title = {Planar concave grating demultiplexer with high reflective Bragg reflector facets},
number = {4},
pages = {309},
volume = {20},
year = {2008},
date-added = {2010-01-12 17:22:41 -0300},
date-modified = {2010-01-12 18:19:13 -0300},
pmid = {1716208007427198740related:FA9hAxcy0RcJ},
local-url = {file://localhost/Users/bernardo/References/Papers/Brouckaert/Brouckaert.pdf},
uri = {papers://026E33A6-A838-4B47-A68E-FD56DC4A49FB/Paper/p108},
rating = {0}
}

@book{Palmer:2005p471,
author = {C Palmer and E Loewen}, 
title = {Diffraction grating handbook},
year = {2005},
date-added = {2010-01-20 11:16:18 -0300},
date-modified = {2010-01-20 11:16:34 -0300},
pmid = {9726057124045919006related:HhPqZ2zl-YYJ},
local-url = {file://localhost/Users/bernardo/References/Papers/Palmer/Palmer.pdf},
uri = {papers://026E33A6-A838-4B47-A68E-FD56DC4A49FB/Paper/p471},
read = {Yes},
rating = {0}
}

@article{Ellis:2006p27,
author = {DI Ellis and R Goodacre}, 
journal = {The Analyst},
title = {Metabolic fingerprinting in disease diagnosis: biomedical applications of infrared and Raman spectroscopy},
number = {8},
pages = {875--885},
volume = {131},
year = {2006},
date-added = {2010-01-12 17:22:42 -0300},
date-modified = {2010-01-12 17:24:11 -0300},
pmid = {10688323166920963386related:OvXmiEqNVJQJ},
local-url = {file://localhost/Users/bernardo/References/Papers/Ellis/Ellis.pdf},
uri = {papers://026E33A6-A838-4B47-A68E-FD56DC4A49FB/Paper/p27},
read = {Yes},
rating = {0}
}

@article{Fluorescence:2010p795,
author = {P Fluorescence and A Gomes and B Kyotoku and R de {\ldots}}, 
journal = {sec.sbfisica.org.br},
title = {XXX Encontro Nacional de Fısica da Mat{\'e}ria Condensada/ID: 1255-1},
abstract = {Biophotonics combines optical techniques applied to studies of biomaterials. Performed research in this field goes from very basic aspects of light interaction with living organisms, such as plasmon controlled fluorescence (PCF), all the way to diagnostics tools already commercially },
date-added = {2010-04-08 15:03:46 -0300},
date-modified = {2010-04-08 15:03:46 -0300},
pmid = {related:UPbEWxNyvy4J},
URL = {https://sec.sbfisica.org.br/eventos/enfmc/xxx/sys/resumos/R1255-1.pdf},
uri = {papers://026E33A6-A838-4B47-A68E-FD56DC4A49FB/Paper/p795},
rating = {0}
}

@article{Feldchtein:1996p111,
author = {FI Feldchtein and GV Gelikonov and VM Gelikonov and RR Iksanov and RV Kuranov and AM Sergeev and ND Gladkova and MN Ourutina and JA Warren Jr and DH Reitze}, 
journal = {Biol. Med},
title = {In vivo OCT imaging of hard and soft tissue of the oral cavity},
pages = {346--395},
volume = {7},
year = {1996},
date-added = {2010-01-12 17:22:44 -0300},
date-modified = {2010-01-12 18:15:22 -0300},
pmid = {14927055302487371671related:l-9e77WNJ88J},
local-url = {file://localhost/Users/bernardo/References/Papers/Feldchtein/Feldchtein.pdf},
uri = {papers://026E33A6-A838-4B47-A68E-FD56DC4A49FB/Paper/p111},
rating = {0}
}

@article{Miller:1997p470,
author = {D Miller and H Ozaktas}, 
journal = {Journal of Parallel and Distributed {\ldots}},
title = {{\ldots} bit-rate capacity of electrical interconnects from the aspect ratio of the system {\ldots}},
abstract = {JOURNAL OF PARALLEL AND DISTRIBUTED COMPUTING 41, 42--52 (1997) ARTICLE NO. PC961285  Limit to the Bit-Rate Capacity of Electrical Interconnects  DAB Miller* and HM Ozaktas† *Ginzton Laboratory, Stanford University, Stanford, California 94305-4085; },
year = {1997},
month = {Jan},
date-added = {2010-01-19 23:58:51 -0300},
date-modified = {2010-01-19 23:58:51 -0300},
pmid = {4280284253919741481related:KYaV3NmfZjsJ},
URL = {http://www.ee.bilkent.edu.tr/~haldun/publications/ozaktas120.pdf},
local-url = {file://localhost/Users/bernardo/References/Papers/Miller/Miller-1997-01-01.pdf},
uri = {papers://026E33A6-A838-4B47-A68E-FD56DC4A49FB/Paper/p470},
rating = {0}
}

@article{Bousi:2010p838,
author = {E Bousi and I Charalambous and C Pitris}, 
journal = {Optics Express},
title = {Optical coherence tomography axial resolution improvement by step-frequency encoding},
abstract = {A novel technique for axial resolution improvement of Optical Coherence Tomography (OCT) systems is proposed. The technique is based on step-frequency encoding, using frequency shifting, of the OCT signal. A resolution improvement by a factor of ~7 is achieved without },
year = {2010},
month = {Jan},
date-added = {2010-06-11 10:28:09 -0300},
date-modified = {2010-06-11 10:30:16 -0300},
URL = {http://www.opticsinfobase.org/abstract.cfm?URI=oe-18-11-11877},
local-url = {file://localhost/Users/bernardo/References/Papers/Bousi/Bousi-2010-01-01.pdf},
uri = {papers://026E33A6-A838-4B47-A68E-FD56DC4A49FB/Paper/p838},
rating = {0}
}

@article{Psaltis:2006p135,
author = {D Psaltis and SR Quake and C Yang}, 
journal = {NATURE-LONDON-},
title = {Developing optofluidic technology through the fusion of microfluidics and optics},
number = {7101},
pages = {381},
volume = {442},
year = {2006},
date-added = {2010-01-12 17:22:57 -0300},
date-modified = {2010-01-12 18:01:49 -0300},
pmid = {2318535718598188960related:oJ8ZsvMXLSAJ},
local-url = {file://localhost/Users/bernardo/References/Papers/Psaltis/Psaltis.pdf},
uri = {papers://026E33A6-A838-4B47-A68E-FD56DC4A49FB/Paper/p135},
rating = {0}
}

@article{Chen:2007p99,
author = {L Chen and N Sherwood-Droz and M Lipson}, 
journal = {Optics letters},
title = {Compact bandwidth-tunable microring resonators},
number = {22},
pages = {3361--3363},
volume = {32},
year = {2007},
date-added = {2010-01-12 17:22:41 -0300},
date-modified = {2010-01-12 18:25:55 -0300},
pmid = {12800007143493541251related:gx1l_q3CorEJ},
local-url = {file://localhost/Users/bernardo/References/Papers/Chen/Chen.pdf},
uri = {papers://026E33A6-A838-4B47-A68E-FD56DC4A49FB/Paper/p99},
rating = {0}
}

@article{deGroot:2001p662,
author = {P de Groot}, 
journal = {Optical Engineering},
title = {Unusual techniques for absolute distance measurement},
abstract = {Metrology, measurements, and laboratory procedures. Measurements common to several branches of physics and astronomy. Spatial dimensions (eg, position, lengths, volume, angles, and displacements). Optics. Laser applications. Metrological applications. Instruments, },
year = {2001},
month = {Jan},
date-added = {2010-02-09 16:50:21 -0300},
date-modified = {2010-02-09 16:50:21 -0300},
pmid = {13850712544669199294related:vusN16ydN8AJ},
URL = {http://link.aip.org/link/?OPEGAR/40/28/1},
local-url = {file://localhost/Users/bernardo/References/Papers/de%20Groot/de%20Groot-2001-01-01.pdf},
uri = {papers://026E33A6-A838-4B47-A68E-FD56DC4A49FB/Paper/p662},
rating = {0}
}

@article{Marcuse:1976p93,
author = {D Marcuse}, 
journal = {Journal of the Optical Society of America},
title = {Curvature loss formula for optical fibers},
number = {3},
pages = {216--220},
volume = {66},
year = {1976},
date-added = {2010-01-12 17:22:55 -0300},
date-modified = {2010-01-12 18:06:25 -0300},
pmid = {9031384898909142782related:_n5OGbfsVX0J},
local-url = {file://localhost/Users/bernardo/References/Papers/Marcuse/Marcuse.pdf},
uri = {papers://026E33A6-A838-4B47-A68E-FD56DC4A49FB/Paper/p93},
rating = {0}
}

@article{Green:2007p117,
author = {WM Green and MJ Rooks and L Sekaric and YA Vlasov}, 
journal = {Optics Express},
title = {Ultra-compact, low RF power, 10 Gb/s silicon Mach-Zehnder modulator},
number = {25},
pages = {17106--17113},
volume = {15},
year = {2007},
date-added = {2010-01-12 17:22:54 -0300},
date-modified = {2010-01-12 18:29:43 -0300},
pmid = {13354307154585500705related:IbyGWpoHVLkJ},
local-url = {file://localhost/Users/bernardo/References/Papers/Green/Green.pdf},
uri = {papers://026E33A6-A838-4B47-A68E-FD56DC4A49FB/Paper/p117},
rating = {0}
}

@article{Anonymous:2009p844,
title = {CMS3 - CMOS-Compatible Temperature Insensitive Silicon Microring Resonators},
pages = {1--2},
year = {2009},
month = {Dec},
date-added = {2010-06-11 10:28:09 -0300},
date-modified = {2010-06-11 10:28:10 -0300},
local-url = {file://localhost/Users/bernardo/References/Papers/Unknown/2009-12-01.pdf},
uri = {papers://026E33A6-A838-4B47-A68E-FD56DC4A49FB/Paper/p844},
rating = {0}
}

@article{Creath:1987p202,
author = {K Creath}, 
journal = {Applied Optics},
title = {Step height measurement using two-wavelength phase-shifting interferometry},
abstract = { Step height measurement using - phase-shifting . Katherine Creath. Applied Optics, Vol.  » View Full Text: Acrobat PDF (1753 KB). Citation Katherine Creath, "Step height measurement using - phase-shifting ," Appl. Opt. },
year = {1987},
month = {Jan},
date-added = {2010-01-19 21:27:42 -0300},
date-modified = {2010-01-19 21:27:42 -0300},
pmid = {13320744988454641036related:jF1nnP3K3LgJ},
URL = {http://www.opticsinfobase.org/abstract.cfm?URI=ao-26-14-2810},
local-url = {file://localhost/Users/bernardo/References/Papers/Creath/Creath-1987-01-01.pdf},
uri = {papers://026E33A6-A838-4B47-A68E-FD56DC4A49FB/Paper/p202},
rating = {0}
}

@article{Artiglia:1989p90,
author = {M Artiglia and G Coppa and P Di Vita and M Potenza and A Sharma}, 
journal = {Lightwave Technology, Journal of},
title = {Mode field diameter measurements in single-mode optical fibers},
number = {8},
pages = {1139--1152},
volume = {7},
year = {1989},
date-added = {2010-01-12 17:22:40 -0300},
date-modified = {2010-01-12 18:24:09 -0300},
pmid = {17166091201039243822related:LhrnW_80Ou4J},
local-url = {file://localhost/Users/bernardo/References/Papers/Artiglia/Artiglia.pdf},
uri = {papers://026E33A6-A838-4B47-A68E-FD56DC4A49FB/Paper/p90},
rating = {0}
}

@article{MahadevanJansen:2010p89,
author = {A Mahadevan-Jansen and RR Richards-Kortum}, 
journal = {Journal of Biomedical Optics},
title = {Raman spectroscopy for the detection of cancers and precancers (Journal Paper)},
number = {01},
pages = {31--70},
volume = {1},
date-added = {2010-01-12 17:22:54 -0300},
date-modified = {2010-01-12 18:07:14 -0300},
pmid = {12419668336756486592related:wHGJ0IyGW6wJ},
local-url = {file://localhost/Users/bernardo/References/Papers/Mahadevan-Jansen/Mahadevan-Jansen.pdf},
uri = {papers://026E33A6-A838-4B47-A68E-FD56DC4A49FB/Paper/p89},
rating = {0}
}

@article{Kaalund:2004p119,
author = {CJ Kaalund}, 
journal = {Optics communications},
title = {Critically coupled ring resonators for add-drop filtering},
number = {4-6},
pages = {357--362},
volume = {237},
year = {2004},
date-added = {2010-01-12 17:22:52 -0300},
date-modified = {2010-01-12 18:10:38 -0300},
pmid = {5401753356825840226related:Ysrg7Q7i9koJ},
local-url = {file://localhost/Users/bernardo/References/Papers/Kaalund/Kaalund.pdf},
uri = {papers://026E33A6-A838-4B47-A68E-FD56DC4A49FB/Paper/p119},
rating = {0}
}

@article{Guha:2010p846,
author = {B Guha and BBC Kyotoku and M Lipson}, 
journal = {Opt. Express},
title = {CMOS-compatible athermal silicon microring resonators},
pages = {3487--3493},
volume = {18},
year = {2010},
date-added = {2010-06-11 10:32:12 -0300},
date-modified = {2010-06-11 10:32:24 -0300},
pmid = {3013112488651901014related:VshjIti50CkJ},
local-url = {file://localhost/Users/bernardo/References/Papers/Guha/Guha.pdf},
uri = {papers://026E33A6-A838-4B47-A68E-FD56DC4A49FB/Paper/p846},
rating = {0}
}

@article{Bogaerts:2006p26,
author = {W Bogaerts and P Dumon and D Van Thourhout and D Taillaert and P Jaenen and J Wouters and S Beckx and V Wiaux and RG Baets}, 
journal = {IEEE Journal of Selected Topics in Quantum Electronics},
title = {Compact wavelength-selective functions in silicon-on-insulator photonic wires},
number = {6},
pages = {1394},
volume = {12},
year = {2006},
date-added = {2010-01-12 17:23:03 -0300},
date-modified = {2010-01-12 17:36:08 -0300},
pmid = {8016066479762840488related:qBsuDv7JPm8J},
local-url = {file://localhost/Users/bernardo/References/Papers/Bogaerts/Bogaerts.pdf},
uri = {papers://026E33A6-A838-4B47-A68E-FD56DC4A49FB/Paper/p26},
rating = {0}
}

@article{Anonymous:2009p560,
title = {IF81},
pages = {1--232},
year = {2009},
month = {Mar},
date-added = {2010-01-23 21:38:00 -0300},
date-modified = {2010-01-23 21:38:00 -0300},
local-url = {file://localhost/Users/bernardo/References/Papers/Unknown/2009-03-31.pdf},
uri = {papers://026E33A6-A838-4B47-A68E-FD56DC4A49FB/Paper/p560},
read = {Yes},
rating = {0}
}

@article{Cremer:1991p81,
author = {C Cremer and G Ebbinghaus and G Heise and R M{\"u}ller-Nawrath and M Schienle and L Stoll}, 
journal = {Applied Physics Letters},
title = {Grating spectrograph in InGaAsP/InP for dense wavelength division multiplexing},
pages = {627},
volume = {59},
year = {1991},
date-added = {2010-01-12 17:23:02 -0300},
date-modified = {2010-01-12 17:48:12 -0300},
pmid = {18044859597536282752related:gMjyvDI4bPoJ},
local-url = {file://localhost/Users/bernardo/References/Papers/Cremer/Cremer.pdf},
uri = {papers://026E33A6-A838-4B47-A68E-FD56DC4A49FB/Paper/p81},
rating = {0}
}

@article{Lu:2003p112,
author = {S Lu and WH Wong and EYB Pun and Y Yan and D Wang and D Yi and G Jin}, 
journal = {Optical and Quantum Electronics},
title = {Design of flat-field arrayed waveguide grating with three stigmatic points},
number = {8},
pages = {783--790},
volume = {35},
year = {2003},
date-added = {2010-01-12 17:22:54 -0300},
date-modified = {2010-01-12 18:07:45 -0300},
pmid = {10817386483924959177related:yX91tLETH5YJ},
local-url = {file://localhost/Users/bernardo/References/Papers/Lu/Lu.pdf},
uri = {papers://026E33A6-A838-4B47-A68E-FD56DC4A49FB/Paper/p112},
rating = {0}
}

@article{SYegnanarayanan:2009p779,
author = {S Yegnanarayanan and A Eftekhar and A Adibi}, 
journal = {{\ldots} on Lasers and {\ldots}},
title = {Optimization of Metallic Micro-Heaters for Reconfigurable Silicon Photonics},
abstract = {» View Full Text: Acrobat PDF (388 KB) * * Note that full-text PDFs from conferences typically contain 1-3 pages of content, some or all of which might be an abstract, summary, or miscellaneous items.  Integration of  microresonators with - optimized for },
year = {2009},
month = {Jan},
date-added = {2010-02-20 07:11:44 -0300},
date-modified = {2010-02-20 07:11:44 -0300},
URL = {http://www.opticsinfobase.org/abstract.cfm?URI=CLEO-2009-CThB4},
local-url = {file://localhost/Users/bernardo/References/Papers/S%20Yegnanarayanan/S%20Yegnanarayanan-2009-01-01.pdf},
uri = {papers://026E33A6-A838-4B47-A68E-FD56DC4A49FB/Paper/p779},
rating = {0}
}

@article{Marz:1992p28,
author = {R Marz and C Cremer}, 
journal = {Lightwave Technology, Journal of},
title = {On the theory of planar spectrographs},
number = {12},
pages = {2017--2022},
volume = {10},
year = {1992},
date-added = {2010-01-12 17:22:55 -0300},
date-modified = {2010-01-12 18:05:30 -0300},
pmid = {1421845010160452719related:b4RG5IBouxMJ},
local-url = {file://localhost/Users/bernardo/References/Papers/Marz/Marz.pdf},
uri = {papers://026E33A6-A838-4B47-A68E-FD56DC4A49FB/Paper/p28},
rating = {0}
}

@article{Chen:2009p91,
author = {L Chen and M Lipson}, 
journal = {Optics Express},
title = {Ultra-low capacitance and high speed germanium photodetectors on silicon},
number = {10},
pages = {7901--7906},
volume = {17},
year = {2009},
date-added = {2010-01-12 17:22:41 -0300},
date-modified = {2010-01-12 18:28:50 -0300},
pmid = {11629055895407757354related:KgjxNrm0YqEJ},
local-url = {file://localhost/Users/bernardo/References/Papers/Chen/Chen-1.pdf},
uri = {papers://026E33A6-A838-4B47-A68E-FD56DC4A49FB/Paper/p91},
rating = {0}
}

@article{Xu:2005p115,
author = {Q Xu and B Schmidt and S Pradhan and M Lipson}, 
journal = {NATURE-LONDON-},
title = {Micrometre-scale silicon electro-optic modulator},
number = {7040},
pages = {325},
volume = {435},
year = {2005},
date-added = {2010-01-12 17:23:09 -0300},
date-modified = {2010-01-12 17:27:05 -0300},
pmid = {2897020624327700702related:3nAIpOhINCgJ},
local-url = {file://localhost/Users/bernardo/References/Papers/Xu/Xu.pdf},
uri = {papers://026E33A6-A838-4B47-A68E-FD56DC4A49FB/Paper/p115},
rating = {0}
}

@article{HosseinZadeh:2008p100,
author = {M Hossein-Zadeh and KJ Vahala}, 
journal = {IEEE Photonics Technology Letters},
title = {Photonic RF down-converter based on optomechanical oscillation},
number = {4},
pages = {234--236},
volume = {20},
year = {2008},
date-added = {2010-01-12 17:22:51 -0300},
date-modified = {2010-01-12 18:13:44 -0300},
pmid = {5538197858698580408related:uNGOH5yh20wJ},
local-url = {file://localhost/Users/bernardo/References/Papers/Hossein-Zadeh/Hossein-Zadeh.pdf},
uri = {papers://026E33A6-A838-4B47-A68E-FD56DC4A49FB/Paper/p100},
rating = {0}
}

@article{Kyotoku:2010p786,
author = {BBC Kyotoku and L Chen and M Lipson}, 
journal = {Opt. Express},
title = {Sub-nm resolution cavity enhanced microspectrometer},
pages = {102--107},
volume = {18},
year = {2010},
date-added = {2010-04-08 14:52:48 -0300},
date-modified = {2010-04-08 14:59:30 -0300},
pmid = {related:pm6w_cnGqYYJ},
uri = {papers://026E33A6-A838-4B47-A68E-FD56DC4A49FB/Paper/p786},
rating = {0}
}

@article{Kyotoku:2009p42,
author = {B Kyotoku and L Chen and M Lipson}, 
journal = {Conference on Lasers and {\ldots}},
title = {{\ldots} Channel Spacing Silicon-on-Insulator Wavelength Division Multiplexer},
abstract = {» View Full Text: Acrobat PDF (1013 KB) * * Note that full-text PDFs from conferences typically contain 1-3 pages of content, some or all of which might be an abstract, summary, or miscellaneous items.  We demonstrate a compact silicon-on-insulator wavelength division multiplexer. },
year = {2009},
month = {Jan},
date-added = {2010-01-12 17:22:54 -0300},
date-modified = {2010-01-12 18:10:06 -0300},
URL = {http://www.opticsinfobase.org/abstract.cfm?URI=CLEO-2009-JWA41},
local-url = {file://localhost/Users/bernardo/References/Papers/Kyotoku/Kyotoku-2009-01-01.pdf},
uri = {papers://026E33A6-A838-4B47-A68E-FD56DC4A49FB/Paper/p42},
rating = {0}
}

@article{Shi:2003p121,
author = {Z Shi and JJ He and S He}, 
journal = {Journal of Lightwave Technology},
title = {An analytic method for designing passband flattened DWDM demultiplexers using spatial phase modulation},
number = {10},
pages = {2314},
volume = {21},
year = {2003},
date-added = {2010-01-12 17:23:02 -0300},
date-modified = {2010-01-12 17:59:27 -0300},
pmid = {17015601192113787098related:2tCntyGPI-wJ},
local-url = {file://localhost/Users/bernardo/References/Papers/Shi/Shi-2.pdf},
uri = {papers://026E33A6-A838-4B47-A68E-FD56DC4A49FB/Paper/p121},
rating = {0}
}

@article{Fonseca:2009p842,
author = {DDD Fons{\^e}ca and BBC Kyotoku and AMA Maia and ASL Gomes}, 
journal = {Journal of Biomedical Optics},
title = {In vitro imaging of remaining dentin and pulp chamber by optical coherence tomography: comparison between 850 and 1280 nm},
pages = {024009},
volume = {14},
year = {2009},
date-added = {2010-06-11 10:28:10 -0300},
date-modified = {2010-06-11 10:30:37 -0300},
pmid = {7119919124237806518related:tmu0dbgIz2IJ},
local-url = {file://localhost/Users/bernardo/References/Papers/Fons%C3%AAca/Fons%C3%AAca-1.pdf},
uri = {papers://026E33A6-A838-4B47-A68E-FD56DC4A49FB/Paper/p842},
rating = {0}
}

@article{Yang:2007p13,
author = {W Yang and DB Conkey and B Wu and D Yin and AR Hawkins and H Schmidt}, 
journal = {Nature Photonics},
title = {Atomic spectroscopy on a chip},
number = {6},
pages = {331--335},
volume = {1},
year = {2007},
date-added = {2010-01-12 17:23:13 -0300},
date-modified = {2010-01-12 17:24:31 -0300},
pmid = {14768187249601976227related:o5f67A4k88wJ},
local-url = {file://localhost/Users/bernardo/References/Papers/Yang/Yang.pdf},
uri = {papers://026E33A6-A838-4B47-A68E-FD56DC4A49FB/Paper/p13},
rating = {0}
}

@article{Kim:2007p47,
author = {KH Kim and BH Park and GN Maguluri and TW Lee and FJ Rogomentich and MG Bancu and BE Bouma and JF de Boer and JJ Bernstein}, 
journal = {Optics Express},
title = {Two-axis magnetically-driven MEMS scanning catheter for endoscopic high-speed optical coherence tomography},
number = {26},
pages = {18130--18140},
volume = {15},
year = {2007},
date-added = {2010-01-12 17:22:52 -0300},
date-modified = {2010-01-12 18:25:42 -0300},
pmid = {16194641725973839933related:PcBjzdjsvuAJ},
local-url = {file://localhost/Users/bernardo/References/Papers/Kim/Kim.pdf},
uri = {papers://026E33A6-A838-4B47-A68E-FD56DC4A49FB/Paper/p47},
rating = {0}
}

@article{Rativa:2008p53,
author = {D Rativa and ASL Gomes and S Wachsmann-Hogiu and DL Farkas and RE de Araujo}, 
journal = {Journal of Fluorescence},
title = {Nonlinear Excitation of Tryptophan Emission Enhanced by Silver Nanoparticles},
number = {6},
pages = {1151--1155},
volume = {18},
year = {2008},
date-added = {2010-01-12 17:23:00 -0300},
date-modified = {2010-01-12 18:26:10 -0300},
pmid = {9089203117053955025related:0ctfCxRWI34J},
local-url = {file://localhost/Users/bernardo/References/Papers/Rativa/Rativa.pdf},
uri = {papers://026E33A6-A838-4B47-A68E-FD56DC4A49FB/Paper/p53},
rating = {0}
}

@article{Chabinyc:1993p113,
author = {ML Chabinyc and DT Chiu and JC McDonald and AD Stroock and JF Christian and AM Karger and GM Whitesides}, 
journal = {Science},
title = {An integrated fluorescence detection system in poly (dimethylsiloxane) for microfluidic applications},
pages = {895--897},
volume = {261},
year = {1993},
date-added = {2010-01-12 17:22:41 -0300},
date-modified = {2010-01-12 18:19:27 -0300},
pmid = {12821142469332325712related:UFU6gyXZ7bEJ},
local-url = {file://localhost/Users/bernardo/References/Papers/Chabinyc/Chabinyc.pdf},
uri = {papers://026E33A6-A838-4B47-A68E-FD56DC4A49FB/Paper/p113},
rating = {0}
}

@article{Zeng:2002p127,
author = {A Zeng and XG Ye and J Chon and F Liang and WT Inc and CA Fremont}, 
journal = {Optical Fiber Communication Conference and Exhibit, 2002. OFC 2002},
title = {25 GHz interleavers with ultra-low chromatic dispersion},
pages = {396--398},
year = {2002},
date-added = {2010-01-12 17:23:08 -0300},
date-modified = {2010-01-12 17:29:10 -0300},
pmid = {4182472611141394979related:IyLiHa4gCzoJ},
local-url = {file://localhost/Users/bernardo/References/Papers/Zeng/Zeng.pdf},
uri = {papers://026E33A6-A838-4B47-A68E-FD56DC4A49FB/Paper/p127},
rating = {0}
}

@article{VonHerzen:1991p128,
author = {B Von Herzen and CS Obs and HI Hilo}, 
journal = {IEEE Journal of Solid-State Circuits},
title = {VLSI partitioning of a 2-Gs/s digital spectrometer},
number = {5},
pages = {768--772},
volume = {26},
year = {1991},
date-added = {2010-01-12 17:22:51 -0300},
date-modified = {2010-01-12 18:14:19 -0300},
pmid = {10111831791594705546related:ihKBjnBxVIwJ},
local-url = {file://localhost/Users/bernardo/References/Papers/Von%20Herzen/Von%20Herzen.pdf},
uri = {papers://026E33A6-A838-4B47-A68E-FD56DC4A49FB/Paper/p128},
rating = {0}
}

@article{SherwoodDroz:2008p57,
author = {N Sherwood-Droz and H Wang and L Chen and BG Lee and A Biberman and K Bergman and M Lipson}, 
journal = {Optics Express},
title = {Optical 4x4 hitless slicon router for optical networks-on-chip (NoC)},
number = {20},
pages = {15915--15922},
volume = {16},
year = {2008},
date-added = {2010-01-12 17:23:02 -0300},
date-modified = {2010-01-12 18:27:07 -0300},
pmid = {1865833221116347435related:K0TD0m3F5BkJ},
local-url = {file://localhost/Users/bernardo/References/Papers/Sherwood-Droz/Sherwood-Droz.pdf},
uri = {papers://026E33A6-A838-4B47-A68E-FD56DC4A49FB/Paper/p57},
rating = {0}
}

@article{Borselli:2006p94,
author = {M Borselli}, 
title = {High-Q microresonators as lasing elements for silicon photonics},
year = {2006},
date-added = {2010-01-12 17:22:41 -0300},
date-modified = {2010-01-12 18:07:30 -0300},
pmid = {17560761398098273935related:jyYKX3NbtPMJ},
local-url = {file://localhost/Users/bernardo/References/Papers/Borselli/Borselli.pdf},
uri = {papers://026E33A6-A838-4B47-A68E-FD56DC4A49FB/Paper/p94},
rating = {0}
}

@article{Toshiba:2010p845,
author = {Toshiba}, 
title = {1335},
pages = {1--4},
year = {2010},
month = {Jun},
date-added = {2010-06-11 10:28:31 -0300},
date-modified = {2010-06-11 10:28:31 -0300},
local-url = {file://localhost/Users/bernardo/References/Papers/Toshiba/Toshiba-2010-06-04.pdf},
uri = {papers://026E33A6-A838-4B47-A68E-FD56DC4A49FB/Paper/p845},
rating = {0}
}

@article{Barnes:1979p1106,
author = {G Barnes and I Brezovich}, 
journal = {Medical Physics},
title = {The design and performance of a scanning multiple slit assembly},
abstract = {A scanning multiple  assembly (SMSA) has been constructed for the purpose of reducing scatter in medical radiography. The SMSA consists of a series of long, narrow beam-defining  above the patient that are aligned and synchronously moved with scatter-eliminating slots },
year = {1979},
month = {Jan},
date-added = {2010-08-23 23:39:08 -0300},
date-modified = {2010-08-23 23:39:08 -0300},
pmid = {9673208164690270709related:9ZnFLpMjPoYJ},
URL = {http://link.aip.org/link/?MPHYA6/6/197/1},
local-url = {file://localhost/Users/bernardo/References/Papers/Barnes/Barnes-1979-01-01.pdf},
uri = {papers://026E33A6-A838-4B47-A68E-FD56DC4A49FB/Paper/p1106},
rating = {0}
}

@article{Hu:2007p118,
author = {J Hu and V Tarasov and A Agarwal and L Kimerling and N Carlie and L Petit and K Richardson}, 
journal = {Optics Express},
title = {Fabrication and testing of planar chalcogenide waveguide integrated microfluidic sensor},
number = {5},
pages = {2307--2314},
volume = {15},
year = {2007},
date-added = {2010-01-12 17:22:51 -0300},
date-modified = {2010-01-12 18:29:31 -0300},
pmid = {7790160125195034689related:QaCpHVw1HGwJ},
local-url = {file://localhost/Users/bernardo/References/Papers/Hu/Hu.pdf},
uri = {papers://026E33A6-A838-4B47-A68E-FD56DC4A49FB/Paper/p118},
rating = {0}
}

@article{Li:2008p55,
author = {W Li and J Liang and Z Liang and X Li and W Wang and Y Zhong and D Sun}, 
journal = {Optics Express},
title = {Design and fabrication of a micro-optic switch},
number = {9},
pages = {6324--6330},
volume = {16},
year = {2008},
date-added = {2010-01-12 17:22:54 -0300},
date-modified = {2010-01-12 18:36:52 -0300},
pmid = {7243952827517508517related:pRvebbewh2QJ},
local-url = {file://localhost/Users/bernardo/References/Papers/Li/Li.pdf},
uri = {papers://026E33A6-A838-4B47-A68E-FD56DC4A49FB/Paper/p55},
rating = {0}
}

@article{Turner:2008p16,
author = {AC Turner and MA Foster and AL Gaeta and M Lipson}, 
journal = {Optics Express},
title = {Ultra-low power parametric frequency conversion in a silicon microring resonator},
number = {7},
pages = {4881--4887},
volume = {16},
year = {2008},
date-added = {2010-01-12 17:23:04 -0300},
date-modified = {2010-01-12 18:28:30 -0300},
pmid = {6589180808518534758related:ZoaRzAh5cVsJ},
local-url = {file://localhost/Users/bernardo/References/Papers/Turner/Turner.pdf},
uri = {papers://026E33A6-A838-4B47-A68E-FD56DC4A49FB/Paper/p16},
rating = {0}
}

@article{Yasin:2004p73,
author = {S Yasin and MN Khalid and DG Hasko}, 
journal = {Japanese Journal of Applied Physics},
title = {Reduction in Roughness of Resist Features in PMMA due to the Absence of a Rinse},
number = {no. 10},
pages = {6984--6987},
volume = {43},
year = {2004},
date-added = {2010-01-12 17:23:15 -0300},
date-modified = {2010-01-12 17:26:32 -0300},
pmid = {1904276358715587652related:RLxqS0JZbRoJ},
local-url = {file://localhost/Users/bernardo/References/Papers/Yasin/Yasin.pdf},
uri = {papers://026E33A6-A838-4B47-A68E-FD56DC4A49FB/Paper/p73},
rating = {0}
}

@article{Phizicky:1995p44,
author = {EM Phizicky and S Fields}, 
journal = {Microbiology and Molecular Biology Reviews},
title = {Protein-protein interactions: methods for detection and analysis},
number = {1},
pages = {94},
volume = {59},
year = {1995},
date-added = {2010-01-12 17:22:56 -0300},
date-modified = {2010-01-12 18:00:12 -0300},
pmid = {4842997741489015934related:fsx4XcnINUMJ},
local-url = {file://localhost/Users/bernardo/References/Papers/Phizicky/Phizicky.pdf},
uri = {papers://026E33A6-A838-4B47-A68E-FD56DC4A49FB/Paper/p44},
rating = {0}
}

@article{Shi:2005p130,
author = {Z Shi and JJ He and S He}, 
journal = {Journal of Lightwave Technology},
title = {A hybrid diffraction method for the design of etched diffraction grating demultiplexers},
number = {3},
pages = {1426},
volume = {23},
year = {2005},
date-added = {2010-01-12 17:23:02 -0300},
date-modified = {2010-01-12 17:58:27 -0300},
pmid = {4656190897993386571related:S4pNwfMcnkAJ},
local-url = {file://localhost/Users/bernardo/References/Papers/Shi/Shi-1.pdf},
uri = {papers://026E33A6-A838-4B47-A68E-FD56DC4A49FB/Paper/p130},
rating = {0}
}

@article{Bernardo:2006p843,
author = {Bernardo}, 
title = {Microsoft Word - Aluno_CapaParecerMestrado.rtf.doc},
pages = {1--83},
year = {2006},
month = {Oct},
date-added = {2010-06-11 10:28:09 -0300},
date-modified = {2010-06-11 10:28:10 -0300},
local-url = {file://localhost/Users/bernardo/References/Papers/Bernardo/Bernardo-2006-10-10.pdf},
uri = {papers://026E33A6-A838-4B47-A68E-FD56DC4A49FB/Paper/p843},
rating = {0}
}

@article{Yan:2008p83,
author = {M Yan and S Choi and KRV Subramanian and I Adesida}, 
journal = {Journal of Vacuum Science {\&} Technology B: Microelectronics and Nanometer Structures},
title = {The effects of molecular weight on the exposure characteristics of poly (methylmethacrylate) developed at low temperatures},
pages = {2306},
volume = {26},
year = {2008},
date-added = {2010-01-12 17:23:11 -0300},
date-modified = {2010-01-12 17:26:40 -0300},
pmid = {6402747137449360643related:A31RKpkg21gJ},
local-url = {file://localhost/Users/bernardo/References/Papers/Yan/Yan.pdf},
uri = {papers://026E33A6-A838-4B47-A68E-FD56DC4A49FB/Paper/p83},
rating = {0}
}

@article{Kyotoku:2006p153,
author = {B Kyotoku and A Gomes}, 
journal = {lakh.unm.edu},
title = {Desenvolvimento de um sistema de imageamento usando a tomografia por {\ldots}},
abstract = { Title: Desenvolvimento de um sistema de imageamento usando a tomografia por coer{\^e}ncia {\'o}ptica no dom{\'\i}nio temporal e de Fourier. Authors: Bernardo de Barros Correia  Anderson Stevens Leonidas Gomes. Keywords },
year = {2006},
month = {Jan},
date-added = {2010-01-13 13:52:37 -0300},
date-modified = {2010-01-13 13:52:37 -0300},
URL = {http://lakh.unm.edu/handle/10229/3000},
local-url = {file://localhost/Users/bernardo/References/Papers/Kyotoku/Kyotoku-2006-01-01.pdf},
uri = {papers://026E33A6-A838-4B47-A68E-FD56DC4A49FB/Paper/p153},
read = {Yes},
rating = {0}
}

@article{Velzel:1976p67,
author = {CHF Velzel}, 
journal = {Journal of the Optical Society of America},
title = {A general theory of the aberrations of diffraction gratings and gratinglike optical instruments},
number = {4},
pages = {346--353},
volume = {66},
year = {1976},
date-added = {2010-01-12 17:23:04 -0300},
date-modified = {2010-01-12 17:32:29 -0300},
pmid = {14089349020727526201related:OUP2KElsh8MJ},
local-url = {file://localhost/Users/bernardo/References/Papers/Velzel/Velzel.pdf},
uri = {papers://026E33A6-A838-4B47-A68E-FD56DC4A49FB/Paper/p67},
rating = {0}
}

@article{Brouckaert:2007p82,
author = {J Brouckaert and W Bogaerts and P Dumon and D Van Thourhout and R Baets}, 
journal = {Journal of Lightwave Technology},
title = {Planar concave grating demultiplexer fabricated on a nanophotonic silicon-on-insulator platform},
number = {5},
pages = {1269--1275},
volume = {25},
year = {2007},
date-added = {2010-01-12 17:22:41 -0300},
date-modified = {2010-01-12 18:20:12 -0300},
pmid = {16275657644941291930related:mrGYXGXA3uEJ},
local-url = {file://localhost/Users/bernardo/References/Papers/Brouckaert/Brouckaert-1.pdf},
uri = {papers://026E33A6-A838-4B47-A68E-FD56DC4A49FB/Paper/p82},
rating = {0}
}

@article{Barwicz:2005p92,
author = {T Barwicz and HA Haus}, 
journal = {Journal of Lightwave Technology},
title = {Three-dimensional analysis of scattering losses due to sidewall roughness in microphotonic waveguides},
number = {9},
pages = {2719},
volume = {23},
year = {2005},
date-added = {2010-01-12 17:22:40 -0300},
date-modified = {2010-01-12 18:23:25 -0300},
pmid = {8612856650376122047related:v44Hm30Dh3cJ},
local-url = {file://localhost/Users/bernardo/References/Papers/Barwicz/Barwicz.pdf},
uri = {papers://026E33A6-A838-4B47-A68E-FD56DC4A49FB/Paper/p92},
rating = {0}
}

@article{Khurgin:2007p116,
author = {JB Khurgin}, 
journal = {Optics letters},
title = {Dispersion and loss limitations on the performance of optical delay lines based on coupled resonant structures},
number = {2},
pages = {133--135},
volume = {32},
year = {2007},
date-added = {2010-01-12 17:22:52 -0300},
date-modified = {2010-01-12 18:29:02 -0300},
pmid = {2986206003344542637related:rYt914kicSkJ},
local-url = {file://localhost/Users/bernardo/References/Papers/Khurgin/Khurgin.pdf},
uri = {papers://026E33A6-A838-4B47-A68E-FD56DC4A49FB/Paper/p116},
rating = {0}
}

@article{Schmitt:2007p129,
author = {K Schmitt and B Schirmer and C Hoffmann and A Brandenburg and P Meyrueis}, 
journal = {Biosensors and Bioelectronics},
title = {Interferometric biosensor based on planar optical waveguide sensor chips for label-free detection of surface bound bioreactions},
number = {11},
pages = {2591--2597},
volume = {22},
year = {2007},
date-added = {2010-01-12 17:23:02 -0300},
date-modified = {2010-01-12 17:24:39 -0300},
pmid = {4761728723806764512related:4L1GqwsPFUIJ},
local-url = {file://localhost/Users/bernardo/References/Papers/Schmitt/Schmitt.pdf},
uri = {papers://026E33A6-A838-4B47-A68E-FD56DC4A49FB/Paper/p129},
rating = {0}
}

@article{Zinoviev:2008p11,
author = {Kirill Zinoviev and Laura G Carrascosa and Jos{\'e} S{\'a}nchez Del R{\'\i}o and Borja Sep{\'u}lveda and Carlos Dom{\'\i}nguez and Laura M Lechuga}, 
journal = {Advances in Optical Technologies},
title = {Silicon Photonic Biosensors for Lab-on-a-Chip Applications},
abstract = {Advances in Optical Technologies},
pages = {1--7},
volume = {2008},
year = {2008},
month = {Jan},
date-added = {2010-01-12 17:23:18 -0300},
date-modified = {2010-01-24 17:58:30 -0300},
doi = {10.1155/2008/383927},
pii = {383927},
URL = {http://www.hindawi.com/journals/aot/2008/383927.html},
local-url = {file://localhost/Users/bernardo/References/Papers/Zinoviev/Zinoviev-2008-01-01.pdf},
uri = {papers://026E33A6-A838-4B47-A68E-FD56DC4A49FB/Paper/p11},
rating = {0}
}

@article{Nitkowski:2008p58,
author = {A Nitkowski and L Chen and M Lipson}, 
journal = {Optics Express},
title = {Cavity-enhanced on-chip absorption spectroscopy using microring resonators},
number = {16},
pages = {11930--11936},
volume = {16},
year = {2008},
date-added = {2010-01-12 17:22:55 -0300},
date-modified = {2010-01-12 18:28:14 -0300},
pmid = {14372009427471822643related:M-8FmW2ic8cJ},
local-url = {file://localhost/Users/bernardo/References/Papers/Nitkowski/Nitkowski.pdf},
uri = {papers://026E33A6-A838-4B47-A68E-FD56DC4A49FB/Paper/p58},
rating = {0}
}

@article{BaehrJones:2008p840,
author = {T Baehr-Jones and A Spott and R Ilic}, 
journal = {Semicond. {\ldots}},
title = {Silicon-on-sapphire integrated waveguides for the mid-infrared},
abstract = {Abstract: Silicon waveguides are now widely used to guide radiation in the near-infrared, mainly in the wavelength range of 1.1 -- 2.2 µm. While low- loss waveguides at longer wavelengths in silicon have been proposed, experimental realization has been elusive. Here we show },
year = {2008},
month = {Jan},
date-added = {2010-06-11 10:28:09 -0300},
date-modified = {2010-06-11 10:30:54 -0300},
URL = {http://nanophotonics.ee.washington.edu/paper_pdfs/Silicon-on-sapphire_integrated_waveguides_for_the_mid-infrared.pdf},
local-url = {file://localhost/Users/bernardo/References/Papers/Baehr-Jones/Baehr-Jones-2008-01-01.pdf},
uri = {papers://026E33A6-A838-4B47-A68E-FD56DC4A49FB/Paper/p840},
rating = {0}
}

@article{Vorckel:2003p86,
author = {A Vorckel and M Monster and W Henschel and PH Bolivar and H Kurz}, 
journal = {IEEE Photonics Technology Letters},
title = {Asymmetrically coupled silicon-on-insulator microring resonators for compact add-drop multiplexers},
number = {7},
pages = {921--923},
volume = {15},
year = {2003},
date-added = {2010-01-12 17:23:04 -0300},
date-modified = {2010-01-12 17:31:46 -0300},
pmid = {7155501953426258054related:hviVex1zTWMJ},
local-url = {file://localhost/Users/bernardo/References/Papers/Vorckel/Vorckel.pdf},
uri = {papers://026E33A6-A838-4B47-A68E-FD56DC4A49FB/Paper/p86},
rating = {0}
}

@article{Luthi:2006p787,
author = {L{\"u}thi and G Guimar{\~a}es and B Kyotoku and J Freitas}, 
journal = {opticsinfobase.org},
title = {Optical Amplifier Hybrid Devices for S-Band Telecommunications--A Comparison},
abstract = {Abstract: Amplifier hybrids coupling different amplifier types are characterized and evaluated for application in S-band telecommunications. Combinations including a fiber-optic parametric gain module are also studied for SC/L band wavelength conversion. {\copyright}2006 Optical },
year = {2006},
month = {Jan},
date-added = {2010-04-08 15:03:14 -0300},
date-modified = {2010-04-08 15:03:14 -0300},
pmid = {related:fWb5eHK2BaYJ},
URL = {http://www.opticsinfobase.org/jlt/viewmedia.cfm?id=111391&seq=0},
uri = {papers://026E33A6-A838-4B47-A68E-FD56DC4A49FB/Paper/p787},
rating = {0}
}

@article{Weinstein:2009p43,
author = {J. A Weinstein and N Jiang and R. A White and D. S Fisher and S. R Quake}, 
journal = {Science},
title = {High-Throughput Sequencing of the Zebrafish Antibody Repertoire},
number = {5928},
pages = {807--810},
volume = {324},
year = {2009},
month = {May},
date-added = {2010-01-12 17:23:05 -0300},
date-modified = {2010-01-12 17:23:18 -0300},
doi = {10.1126/science.1170020},
local-url = {file://localhost/Users/bernardo/References/Papers/Weinstein/Weinstein-2009-05-08.pdf},
uri = {papers://026E33A6-A838-4B47-A68E-FD56DC4A49FB/Paper/p43},
rating = {0}
}

@article{Servel:2000p849,
author = {G Servel and D Deschacht}, 
journal = {ICECS},
title = {On-chip crosstalk evaluation between adjacent interconnections},
abstract = { for HSPICE simulations Therefore, we calculate the  of  with a cell for two lines using the capacitance values of three lines. Next we apply the first corrective term (α1, β1), then the second (α2, β2). Page 4. ) 1( 2 },
year = {2000},
month = {Jan},
date-added = {2010-08-23 17:28:12 -0300},
date-modified = {2010-08-23 17:28:12 -0300},
pmid = {18407845999120023340related:LP-kQWjOdf8J},
URL = {http://www.acm.org/sigs/sigda/daforum/backup/01/Upload/Papers/gregoryservel_paper.pdf},
local-url = {file://localhost/Users/bernardo/References/Papers/Servel/Servel-2000-01-01.pdf},
uri = {papers://026E33A6-A838-4B47-A68E-FD56DC4A49FB/Paper/p849},
rating = {0}
}

@article{Bock:1956p785,
author = {R Bock{\ldots}}, 
journal = {Archives of Biochemistry and Biophysics},
title = {Ultraviolet absorption spectra of adenosine-5'-triphosphate and related 5'- {\ldots}},
abstract = {ARCHIVES OP BIOCHEMISTRY AND BIOPHYSICS 62, 25S264 (1956) Ultraviolet Absorption Spectra of Adenosine S'Triphosphate and Related 5' Ribonucleotides1 RM Bock and NanSing Ling From the Department of Biochemistry, University of Wisconsin, Madison, Wisconsin },
year = {1956},
month = {Jan},
date-added = {2010-02-20 22:45:36 -0300},
date-modified = {2010-02-20 22:45:36 -0300},
pmid = {7233446072551416162related:YiFf6OBcYmQJ},
URL = {http://linkinghub.elsevier.com/retrieve/pii/0003986156901230},
local-url = {file://localhost/Users/bernardo/References/Papers/Bock%E2%80%A6/Bock%E2%80%A6-1956-01-01.pdf},
uri = {papers://026E33A6-A838-4B47-A68E-FD56DC4A49FB/Paper/p785},
rating = {0}
}

@article{Winzer:1984p54,
author = {G Winzer}, 
journal = {Lightwave Technology, Journal of},
title = {Wavelength multiplexing components--A review of single-mode devices and their applications},
number = {4},
pages = {369--378},
volume = {2},
year = {1984},
date-added = {2010-01-12 17:23:05 -0300},
date-modified = {2010-01-12 17:30:47 -0300},
pmid = {2021072090131576526related:zra_nVtKDBwJ},
local-url = {file://localhost/Users/bernardo/References/Papers/Winzer/Winzer.pdf},
uri = {papers://026E33A6-A838-4B47-A68E-FD56DC4A49FB/Paper/p54},
rating = {0}
}

@article{Foster:2008p71,
author = {MA Foster and R Salem and DF Geraghty and AC Turner-Foster and M Lipson and AL Gaeta}, 
journal = {Nature},
title = {Silicon-chip-based ultrafast optical oscilloscope},
number = {7218},
pages = {81--84},
volume = {456},
year = {2008},
date-added = {2010-01-12 17:22:48 -0300},
date-modified = {2010-01-12 17:23:56 -0300},
pmid = {2521288605999462553related:mXjW-KBq_SIJ},
local-url = {file://localhost/Users/bernardo/References/Papers/Foster/Foster.pdf},
uri = {papers://026E33A6-A838-4B47-A68E-FD56DC4A49FB/Paper/p71},
rating = {0}
}

@article{McGreer:1996p15,
author = {KA McGreer}, 
journal = {Applied Optics},
title = {Theory of concave gratings based on a recursive definition of facet positions},
number = {30},
pages = {5904--5910},
volume = {35},
year = {1996},
date-added = {2010-01-12 17:22:55 -0300},
date-modified = {2010-01-12 18:04:39 -0300},
pmid = {6700731214889649180related:HITetonH_VwJ},
local-url = {file://localhost/Users/bernardo/References/Papers/McGreer/McGreer-1.pdf},
uri = {papers://026E33A6-A838-4B47-A68E-FD56DC4A49FB/Paper/p15},
rating = {0}
}

@article{McGreer:1995p30,
author = {KA McGreer}, 
journal = {IEEE Photonics Technology Letters},
title = {Diffraction from concave gratings in planar waveguides},
number = {3},
pages = {324--326},
volume = {7},
year = {1995},
date-added = {2010-01-12 17:22:50 -0300},
date-modified = {2010-01-12 18:14:45 -0300},
pmid = {10718366226924019269related:RZ5ZiEtJv5QJ},
local-url = {file://localhost/Users/bernardo/References/Papers/McGreer/McGreer-2.pdf},
uri = {papers://026E33A6-A838-4B47-A68E-FD56DC4A49FB/Paper/p30},
rating = {0}
}

@article{Kubo:2007p84,
author = {S Kubo and D Mori and T Baba}, 
journal = {Optics letters},
title = {Low-group-velocity and low-dispersion slow light in photonic crystal waveguides},
number = {20},
pages = {2981--2983},
volume = {32},
year = {2007},
date-added = {2010-01-12 17:22:56 -0300},
date-modified = {2010-01-12 18:25:30 -0300},
pmid = {3803887141011869755related:O1CwbTMfyjQJ},
local-url = {file://localhost/Users/bernardo/References/Papers/Kubo/Kubo.pdf},
uri = {papers://026E33A6-A838-4B47-A68E-FD56DC4A49FB/Paper/p84},
rating = {0}
}

@article{Takahashi:1990p122,
author = {H Takahashi and S Suzuki and K Kato and I Nishi}, 
journal = {Electronics letters},
title = {Arrayed-waveguide grating for wavelength division multi/demultiplexer with nanometre resolution},
number = {2},
pages = {87--88},
volume = {26},
year = {1990},
date-added = {2010-01-12 17:23:03 -0300},
date-modified = {2010-01-12 17:35:28 -0300},
pmid = {7774474880777964014related:7sn3j7Z75GsJ},
local-url = {file://localhost/Users/bernardo/References/Papers/Takahashi/Takahashi.pdf},
uri = {papers://026E33A6-A838-4B47-A68E-FD56DC4A49FB/Paper/p122},
rating = {0}
}

@article{Nitkowski:2007p12,
author = {Arthur Nitkowski}, 
title = {Optical spectroscopy is the main tool for {\ldots}},
pages = {1--2},
year = {2007},
month = {Dec},
date-added = {2010-01-12 17:22:56 -0300},
date-modified = {2010-01-12 17:23:18 -0300},
local-url = {file://localhost/Users/bernardo/References/Papers/Nitkowski/Nitkowski-2007-12-02.pdf},
uri = {papers://026E33A6-A838-4B47-A68E-FD56DC4A49FB/Paper/p12},
rating = {0}
}

@article{Shi:2002p25,
author = {Z Shi and S He}, 
journal = {IEEE Journal of Selected Topics in Quantum Electronics},
title = {A three-focal-point method for the optimal design of a flat-top planar waveguide demultiplexer},
number = {6},
pages = {1179--1185},
volume = {8},
year = {2002},
date-added = {2010-01-12 17:23:03 -0300},
date-modified = {2010-01-12 17:44:19 -0300},
pmid = {9843583790573737447related:59Xw0U1vm4gJ},
local-url = {file://localhost/Users/bernardo/References/Papers/Shi/Shi.pdf},
uri = {papers://026E33A6-A838-4B47-A68E-FD56DC4A49FB/Paper/p25},
rating = {0}
}

@article{Cremer:1992p41,
author = {C Cremer and N Emeis and M Schier and G Heise and G Ebbinghaus and L Stoll}, 
journal = {IEEE Photonics Technology Letters},
title = {Grating spectrograph integrated with photodiode array inInGaAsP/InGaAs/InP},
number = {1},
pages = {108--110},
volume = {4},
year = {1992},
date-added = {2010-01-12 17:22:41 -0300},
date-modified = {2010-01-12 18:16:51 -0300},
pmid = {6193034496544875559related:JyRMABAU8lUJ},
local-url = {file://localhost/Users/bernardo/References/Papers/Cremer/Cremer-1.pdf},
uri = {papers://026E33A6-A838-4B47-A68E-FD56DC4A49FB/Paper/p41},
rating = {0}
}

@article{Armani:2005p68,
author = {DK Armani}, 
title = {Ultra-high-Q planar microcavities and applications},
year = {2005},
date-added = {2010-01-12 17:22:50 -0300},
date-modified = {2010-01-12 18:03:24 -0300},
pmid = {15951783225215754406related:piAFwVMeYN0J},
local-url = {file://localhost/Users/bernardo/References/Papers/Armani/Armani.pdf},
uri = {papers://026E33A6-A838-4B47-A68E-FD56DC4A49FB/Paper/p68},
rating = {0}
}

@article{Guha:2010p791,
author = {B Guha and B Kyotoku and M Lipson}, 
journal = {Opt. Express},
title = {CMOS-compatible athermal silicon microring resonators},
abstract = {We propose a new class of resonant silicon optical devices, consisting of a ring resonator coupled to a Mach-Zehnder interferometer, which is passively temperature compensated by tailoring the optical mode confinement in the waveguides. We demonstrate operation of the device },
year = {2010},
month = {Jan},
date-added = {2010-04-08 15:02:36 -0300},
date-modified = {2010-04-08 15:02:36 -0300},
pmid = {related:VshjIti50CkJ},
URL = {http://www.opticsinfobase.org/abstract.cfm?URI=oe-18-4-3487},
local-url = {file://localhost/Users/bernardo/References/Papers/Guha/Guha-2010-01-01.pdf},
uri = {papers://026E33A6-A838-4B47-A68E-FD56DC4A49FB/Paper/p791},
rating = {0}
}

@article{Yu:2009p19,
author = {Z Yu and S Fan}, 
journal = {Nature Photonics},
title = {Complete optical isolation created by indirect interband photonic transitions},
number = {2},
pages = {91--94},
volume = {3},
year = {2009},
date-added = {2010-01-12 17:23:17 -0300},
date-modified = {2010-01-12 17:24:21 -0300},
pmid = {14054356916919763113related:qYCOGycbC8MJ},
local-url = {file://localhost/Users/bernardo/References/Papers/Yu/Yu.pdf},
uri = {papers://026E33A6-A838-4B47-A68E-FD56DC4A49FB/Paper/p19},
rating = {0}
}

@article{Chowdhury:2000p56,
author = {D Chowdhury and C Inc}, 
journal = {IEEE Journal of Selected Topics in Quantum Electronics},
title = {Design of low-loss and polarization-insensitive reflectiongrating-based planar demultiplexers},
number = {2},
pages = {233--239},
volume = {6},
year = {2000},
date-added = {2010-01-12 17:22:41 -0300},
date-modified = {2010-01-12 18:18:04 -0300},
pmid = {1608428777745646555related:24MLmHNJUhYJ},
local-url = {file://localhost/Users/bernardo/References/Papers/Chowdhury/Chowdhury.pdf},
uri = {papers://026E33A6-A838-4B47-A68E-FD56DC4A49FB/Paper/p56},
rating = {0}
}

@article{Ishimaru:1982p46,
author = {A Ishimaru}, 
journal = {Society of Photo-Optical Instrumentation Engineers (SPIE) Conference Series},
title = {Introduction to the theory and application of wave propagation and scattering in random media},
pages = {2--9},
volume = {358},
year = {1982},
date-added = {2010-01-12 17:22:52 -0300},
date-modified = {2010-01-12 18:12:35 -0300},
pmid = {16642399865112994875related:O6QRioCu9eYJ},
local-url = {file://localhost/Users/bernardo/References/Papers/Ishimaru/Ishimaru.pdf},
uri = {papers://026E33A6-A838-4B47-A68E-FD56DC4A49FB/Paper/p46},
rating = {0}
}

@article{Society:2009p841,
author = {Optical Society}, 
title = {Title: font: times; size: 18 point; style: plain; justified: center; capitalization: first word and Names only},
pages = {1--6},
year = {2009},
month = {Dec},
date-added = {2010-06-11 10:28:10 -0300},
date-modified = {2010-06-11 10:28:10 -0300},
local-url = {file://localhost/Users/bernardo/References/Papers/Society/Society-2009-12-16.pdf},
uri = {papers://026E33A6-A838-4B47-A68E-FD56DC4A49FB/Paper/p841},
rating = {0}
}

@article{Cheng:1985p342,
author = {Y Cheng and J Wyant}, 
journal = {Applied Optics},
title = {Phase shifter calibration in phase-shifting interferometry},
abstract = {This paper describes some practical methods to calibrate the phase shifter in - (PSI). The phase shifter used in the experiment is a piezoelectric transducer (PZT) that has a nonlinearity of <1%. Using the quantitative method described in this },
year = {1985},
month = {Jan},
date-added = {2010-01-19 21:52:06 -0300},
date-modified = {2010-01-19 21:52:06 -0300},
pmid = {3270564345315940324related:5FedofFgYy0J},
URL = {http://www.opticsinfobase.org/ao/viewmedia.cfm?id=28706&seq=0},
local-url = {file://localhost/Users/bernardo/References/Papers/Cheng/Cheng-1985-01-01.pdf},
uri = {papers://026E33A6-A838-4B47-A68E-FD56DC4A49FB/Paper/p342},
rating = {0}
}

@article{Erickson:2008p24,
author = {D Erickson and S Mandal and AHJ Yang and B Cordovez}, 
journal = {Microfluidics and nanofluidics},
title = {Nanobiosensors: optofluidic, electrical and mechanical approaches to biomolecular detection at the nanoscale},
number = {1},
pages = {33--52},
volume = {4},
year = {2008},
date-added = {2010-01-12 17:22:44 -0300},
date-modified = {2010-01-12 18:24:34 -0300},
pmid = {445192386381355081related:SRj43h2kLQYJ},
local-url = {file://localhost/Users/bernardo/References/Papers/Erickson/Erickson.pdf},
uri = {papers://026E33A6-A838-4B47-A68E-FD56DC4A49FB/Paper/p24},
rating = {0}
}

@article{Hofstetter:1997p72,
author = {D Hofstetter and RL Thornton}, 
journal = {Optics letters},
title = {Theory of loss measurements of Fabry Perot resonators by Fourier analysis of the transmission spectra},
number = {24},
pages = {1831--1833},
volume = {22},
year = {1997},
date-added = {2010-01-12 17:22:51 -0300},
date-modified = {2010-01-12 18:13:58 -0300},
pmid = {6607365059493096045related:beppqIMTslsJ},
local-url = {file://localhost/Users/bernardo/References/Papers/Hofstetter/Hofstetter.pdf},
uri = {papers://026E33A6-A838-4B47-A68E-FD56DC4A49FB/Paper/p72},
rating = {0}
}

@article{Xie:2003p88,
author = {T Xie and H Xie and GK Fedder and Y Pan}, 
journal = {Electron. Lett},
title = {Endoscopic optical coherence tomography with new MEMS mirror},
pages = {1535--1536},
volume = {39},
year = {2003},
date-added = {2010-01-12 17:23:08 -0300},
date-modified = {2010-01-12 17:29:57 -0300},
pmid = {11906251419049989377related:ARX3ZpWAO6UJ},
local-url = {file://localhost/Users/bernardo/References/Papers/Xie/Xie.pdf},
uri = {papers://026E33A6-A838-4B47-A68E-FD56DC4A49FB/Paper/p88},
read = {Yes},
rating = {0}
}

@article{Correia:2000p101,
author = {JH Correia and M Bartek and RF Wolffenbuttel}, 
journal = {IEEE Transactions on Electron Devices},
title = {High-selectivity single-chip spectrometer in silicon for operation at visible part of the spectrum},
number = {3},
pages = {553--559},
volume = {47},
year = {2000},
date-added = {2010-01-12 17:22:41 -0300},
date-modified = {2010-01-12 18:17:24 -0300},
pmid = {630990285387419110related:5k09SVK6wQgJ},
local-url = {file://localhost/Users/bernardo/References/Papers/Correia/Correia.pdf},
uri = {papers://026E33A6-A838-4B47-A68E-FD56DC4A49FB/Paper/p101},
rating = {0}
}

@article{Baumann:2007p775,
author = {B Baumann and M Pircher and G Erich}, 
journal = {Opt. Express},
title = {{\ldots} complex spectral domain optical coherence tomography without additional phase {\ldots}},
abstract = {We demonstrate a new full range complex spectral domain optical coherence tomography (FRC SD-OCT) method. Other than FRC SD-OCT systems reported in literature, which employed devices such as electro-/acousto optic modulators or piezo-driven mirrors providing the phase },
year = {2007},
month = {Jan},
date-added = {2010-02-09 18:06:55 -0300},
date-modified = {2010-02-09 18:06:55 -0300},
pmid = {related:j66FyKJS2WcJ},
URL = {http://www.opticsinfobase.org/vjbo/DirectPDFAccess/664C9A9B-BDB9-137E-C6167B2359CD49A8_142501.pdf?da=1&id=142501&seq=0},
local-url = {file://localhost/Users/bernardo/References/Papers/Baumann/Baumann-2007-01-01.pdf},
uri = {papers://026E33A6-A838-4B47-A68E-FD56DC4A49FB/Paper/p775},
read = {Yes},
rating = {0}
}

@article{Speer:1980p103,
author = {DT Speer and SV Laven and AH Karp and M Stockton}, 
journal = {Applied Optics},
title = {{\'E}talon-spectrograph system for improved resolution over a wide spectral range},
number = {16},
pages = {2757--2761},
volume = {19},
year = {1980},
date-added = {2010-01-12 17:23:03 -0300},
date-modified = {2010-01-12 19:10:15 -0300},
pmid = {8674694156924283024related:kOigDmC0YngJ},
local-url = {file://localhost/Users/bernardo/References/Papers/Speer/Speer.pdf},
uri = {papers://026E33A6-A838-4B47-A68E-FD56DC4A49FB/Paper/p103},
rating = {0}
}

@article{Orta:1995p78,
author = {R Orta and P Savi and R Tascone and D Trinchero}, 
journal = {IEEE Photonics Technology Letters},
title = {Synthesis of multiple-ring-resonator filters for optical systems},
number = {12},
pages = {1447--1449},
volume = {7},
year = {1995},
date-added = {2010-01-12 17:22:56 -0300},
date-modified = {2010-01-12 18:01:03 -0300},
pmid = {14245412071799657120related:oBKuys3escUJ},
local-url = {file://localhost/Users/bernardo/References/Papers/Orta/Orta.pdf},
uri = {papers://026E33A6-A838-4B47-A68E-FD56DC4A49FB/Paper/p78},
rating = {0}
}

@article{Zhou:1994p125,
author = {J Zhou and N Park and KJ Vahala and MA Newkirk and BI Miller}, 
journal = {IEEE Photonics Technology Letters},
title = {Four-wave mixing wavelength conversion efficiency in semiconductor traveling-wave amplifiers measured to 65 nm of wavelength shift},
number = {8},
pages = {984--987},
volume = {6},
year = {1994},
date-added = {2010-01-12 17:23:17 -0300},
date-modified = {2010-01-12 17:26:16 -0300},
pmid = {7330339557561966781related:vaB5Y_2YumUJ},
local-url = {file://localhost/Users/bernardo/References/Papers/Zhou/Zhou.pdf},
uri = {papers://026E33A6-A838-4B47-A68E-FD56DC4A49FB/Paper/p125},
rating = {0}
}

@article{Kneipp:1999p20,
author = {K Kneipp and H Kneipp and I Itzkan and RR Dasari and MS Feld}, 
journal = {Chem. Rev},
title = {Ultrasensitive chemical analysis by Raman spectroscopy},
number = {10},
pages = {2957--2976},
volume = {99},
year = {1999},
date-added = {2010-01-12 17:22:52 -0300},
date-modified = {2010-01-12 18:10:24 -0300},
pmid = {15542009119749289582related:braJBvNOsNcJ},
local-url = {file://localhost/Users/bernardo/References/Papers/Kneipp/Kneipp.pdf},
uri = {papers://026E33A6-A838-4B47-A68E-FD56DC4A49FB/Paper/p20},
rating = {0}
}

@article{Yeow:2005p66,
author = {JTW Yeow and VXD Yang and A Chahwan and ML Gordon and B Qi and IA Vitkin and BC Wilson and AA Goldenberg}, 
journal = {Sensors {\&} Actuators: A. Physical},
title = {Micromachined 2-D scanner for 3-D optical coherence tomography},
number = {2},
pages = {331--340},
volume = {117},
year = {2005},
date-added = {2010-01-12 17:23:15 -0300},
date-modified = {2010-01-12 17:26:24 -0300},
pmid = {1443882772361864098related:omPvP7uzCRQJ},
local-url = {file://localhost/Users/bernardo/References/Papers/Yeow/Yeow.pdf},
uri = {papers://026E33A6-A838-4B47-A68E-FD56DC4A49FB/Paper/p66},
rating = {0}
}

@article{Hariharan:1987p365,
author = {P Hariharan and B Oreb and T Eiju}, 
journal = {Applied Optics},
title = {Digital phase-shifting interferometry: a simple error-compensating {\ldots}},
abstract = {OSA grants PURCHASERS limited license to make a single copy of purchased article from Applied Optics Online in print and/or electronic form for personal use or research. Articles may be downloaded, stored on a hard drive or other storage device, or printed in hard copy form, },
year = {1987},
month = {Jan},
date-added = {2010-01-19 21:54:19 -0300},
date-modified = {2010-01-19 21:54:19 -0300},
pmid = {11656476748972240657related:ES8XM9gfxKEJ},
URL = {http://www.opticsinfobase.org/abstract.cfm?URI=ao-26-13-2504},
local-url = {file://localhost/Users/bernardo/References/Papers/Hariharan/Hariharan-1987-01-01.pdf},
uri = {papers://026E33A6-A838-4B47-A68E-FD56DC4A49FB/Paper/p365},
rating = {0}
}

@article{Adams:2010p839,
author = {D Adams and W Snider and C Madsen}, 
journal = {Optics Express},
title = {NLFM waveform generation using tunable integrated optical ring resonators: simulation and proof of concept experiment},
abstract = {The NLFM waveform resulting from a tunable integrated optical ring resonator is simulated. The metrics of interest are the first sidelobe levels and FWHM times of the autocorrelation, as these directly relate to the long-range performance and fine range resolution of a LADAR },
year = {2010},
month = {Jan},
date-added = {2010-06-11 10:28:10 -0300},
date-modified = {2010-06-11 10:31:11 -0300},
URL = {http://www.opticsinfobase.org/abstract.cfm?URI=oe-18-12-12537},
local-url = {file://localhost/Users/bernardo/References/Papers/Adams/Adams-2010-01-01.pdf},
uri = {papers://026E33A6-A838-4B47-A68E-FD56DC4A49FB/Paper/p839},
rating = {0}
}

@article{Varasi:1996p5,
author = {M Varasi and M Signorazzi and A Vannucci and J Dunphy}, 
journal = {Measurement Science and Technology},
title = {A high-resolution integrated optical spectrometer with applications to fibre sensor signal processing},
pages = {173--178},
volume = {7},
year = {1996},
date-added = {2010-01-12 17:23:04 -0300},
date-modified = {2010-01-12 17:32:51 -0300},
pmid = {7746399408204373401related:mV1RNji9gGsJ},
local-url = {file://localhost/Users/bernardo/References/Papers/Varasi/Varasi.pdf},
uri = {papers://026E33A6-A838-4B47-A68E-FD56DC4A49FB/Paper/p5},
rating = {0}
}

@article{Hutley:1981p102,
author = {MC Hutley and WR Hunter}, 
journal = {Applied Optics},
title = {Variation of blaze of concave diffraction gratings},
number = {2},
pages = {245--250},
volume = {20},
year = {1981},
date-added = {2010-01-12 17:22:52 -0300},
date-modified = {2010-01-12 18:13:03 -0300},
pmid = {11164630065008409823related:3_x4MeS78JoJ},
local-url = {file://localhost/Users/bernardo/References/Papers/Hutley/Hutley.pdf},
uri = {papers://026E33A6-A838-4B47-A68E-FD56DC4A49FB/Paper/p102},
rating = {0}
}

@article{Potter:2000p131,
author = {SM Potter}, 
journal = {Journal of Economic Dynamics and Control},
title = {Nonlinear impulse response functions},
number = {10},
pages = {1425--1446},
volume = {24},
year = {2000},
date-added = {2010-01-12 17:22:56 -0300},
date-modified = {2010-01-12 17:59:57 -0300},
pmid = {18011025252357521779related:c0FcXwoE9PkJ},
local-url = {file://localhost/Users/bernardo/References/Papers/Potter/Potter.pdf},
uri = {papers://026E33A6-A838-4B47-A68E-FD56DC4A49FB/Paper/p131},
rating = {0}
}

@article{Braz:2009p789,
author = {A Braz and B Kyotoku and A Gomes}, 
journal = {Journal of Endodontics},
title = {In Vitro Tomographic Image of Human Pulp-Dentin Complex: Optical Coherence {\ldots}},
abstract = {An OCT system with 6-μm spatial resolution at 800 nm was used to image the pulp-dentin complex of in vitro samples. Five intact human maxillary premolars scheduled for surgical extraction were used in this in vitro study. The occlusal surfaces of teeth were polished with wet 600-, },
year = {2009},
month = {Jan},
date-added = {2010-04-08 15:03:41 -0300},
date-modified = {2010-04-08 15:03:41 -0300},
pmid = {related:he-BLrP0UKkJ},
URL = {http://linkinghub.elsevier.com/retrieve/pii/S0099239909004233},
uri = {papers://026E33A6-A838-4B47-A68E-FD56DC4A49FB/Paper/p789},
rating = {0}
}

@article{Lee:1997p22,
author = {CT Lee and ML Wu and LG Sheu and PL Fan and JM Hsu}, 
journal = {Lightwave Technology, Journal of},
title = {Design and analysis of completely adiabatic tapered waveguides byconformal mapping},
number = {2},
pages = {403--410},
volume = {15},
year = {1997},
date-added = {2010-01-12 17:22:54 -0300},
date-modified = {2010-01-12 18:09:20 -0300},
pmid = {14639909967062293167related:r9pyqoxoK8sJ},
local-url = {file://localhost/Users/bernardo/References/Papers/Lee/Lee.pdf},
uri = {papers://026E33A6-A838-4B47-A68E-FD56DC4A49FB/Paper/p22},
rating = {0}
}

@article{Sun:2010p837,
author = {J Sun and S Guo and L Wu and L Liu and S Choe and B Sorg}, 
journal = {Optics {\ldots}},
title = {3D In Vivo optical coherence tomography based on a low-voltage, large-scan-range 2D MEMS mirror},
abstract = {3D in vivo optical imaging on a mouse has been obtained using a 2D MEMS mirror for lateral scanning in a time-domain optical coherence tomography (OCT) system. The MEMS mirror aperture size is 1 × 1 mm 2 , and the device footprint is 2 × 2 mm 2 . The MEMS mirror scans $\pm$ 30$\,^{\circ}$ },
year = {2010},
month = {Jan},
date-added = {2010-06-11 10:28:09 -0300},
date-modified = {2010-06-11 10:31:41 -0300},
URL = {http://www.opticsinfobase.org/abstract.cfm?URI=oe-18-12-12065},
local-url = {file://localhost/Users/bernardo/References/Papers/Sun/Sun-2010-01-01.pdf},
uri = {papers://026E33A6-A838-4B47-A68E-FD56DC4A49FB/Paper/p837},
rating = {0}
}

@article{Tropf:1994p49,
author = {WJ Tropf and TJ Harris and ME Thomas}, 
journal = {Electro--Optics Handbook, McGRAW-HILL, New York},
title = {Optical Materials: Visible and Infrared},
year = {1994},
date-added = {2010-01-12 17:23:04 -0300},
date-modified = {2010-01-12 17:33:52 -0300},
pmid = {1142597511419712345related:WdNqBWJS2w8J},
local-url = {file://localhost/Users/bernardo/References/Papers/Tropf/Tropf.pdf},
uri = {papers://026E33A6-A838-4B47-A68E-FD56DC4A49FB/Paper/p49},
rating = {0}
}

@article{Fonseca:2009p1,
author = {DDD Fons{\^e}ca and BBC Kyotoku and AMA Maia and ASL Gomes}, 
journal = {Journal of Biomedical Optics},
title = {In vitro imaging of remaining dentin and pulp chamber by optical coherence tomography: comparison between 850 and 1280 nm},
pages = {024009},
volume = {14},
year = {2009},
date-added = {2010-01-12 15:40:44 -0300},
date-modified = {2010-01-14 15:51:58 -0300},
pmid = {7119919124237806518related:tmu0dbgIz2IJ},
local-url = {file://localhost/Users/bernardo/References/Papers/Fons%C3%AAca/Fons%C3%AAca.pdf},
uri = {papers://026E33A6-A838-4B47-A68E-FD56DC4A49FB/Paper/p1},
read = {Yes},
rating = {0}
}

@article{McGreer:1996p105,
author = {KA McGreer}, 
journal = {IEEE Photonics Technology Letters},
title = {Tunable planar concave grating demultiplexer},
number = {4},
pages = {551--553},
volume = {8},
year = {1996},
date-added = {2010-01-12 17:22:55 -0300},
date-modified = {2010-01-12 18:04:23 -0300},
pmid = {6163467863545046086related:RmQjz10JiVUJ},
local-url = {file://localhost/Users/bernardo/References/Papers/McGreer/McGreer.pdf},
uri = {papers://026E33A6-A838-4B47-A68E-FD56DC4A49FB/Paper/p105},
rating = {0}
}

@article{Beutler:1945p8,
author = {HG Beutler}, 
journal = {J. Opt. Soc. Am},
title = {The theory of the concave grating},
pages = {311--350},
volume = {35},
year = {1945},
date-added = {2010-01-12 17:22:41 -0300},
date-modified = {2010-01-12 18:20:27 -0300},
pmid = {132105202170560044related:LH5bQPtU1QEJ},
local-url = {file://localhost/Users/bernardo/References/Papers/Beutler/Beutler.pdf},
uri = {papers://026E33A6-A838-4B47-A68E-FD56DC4A49FB/Paper/p8},
rating = {0}
}

@article{Wang:2007p33,
author = {SW Wang and C Xia and X Chen and W Lu and M Li and H Wang and W Zheng and T Zhang}, 
journal = {Optics letters},
title = {Concept of a high-resolution miniature spectrometer using an integrated filter array},
number = {6},
pages = {632--634},
volume = {32},
year = {2007},
date-added = {2010-01-12 17:23:04 -0300},
date-modified = {2010-01-12 18:25:00 -0300},
pmid = {4276415589493467281related:kWizO1LhWDsJ},
local-url = {file://localhost/Users/bernardo/References/Papers/Wang/Wang-1.pdf},
uri = {papers://026E33A6-A838-4B47-A68E-FD56DC4A49FB/Paper/p33},
rating = {0}
}

@article{Keiser:1999p75,
author = {GE Keiser}, 
journal = {Optical Fiber Technology},
title = {A review of WDM technology and applications},
number = {1},
pages = {3--39},
volume = {5},
year = {1999},
date-added = {2010-01-12 17:23:03 -0300},
date-modified = {2010-01-12 17:34:40 -0300},
pmid = {14950027431539347149related:zY4_h70qec8J},
local-url = {file://localhost/Users/bernardo/References/Papers/Keiser/Keiser.pdf},
uri = {papers://026E33A6-A838-4B47-A68E-FD56DC4A49FB/Paper/p75},
rating = {0}
}

@article{Smit:1996p21,
author = {MK Smit and C Van Dam}, 
journal = {IEEE Journal of Selected Topics in Quantum Electronics},
title = {PHASAR-based WDM-devices: Principles, design and applications},
number = {2},
pages = {236--250},
volume = {2},
year = {1996},
date-added = {2010-01-12 17:23:03 -0300},
date-modified = {2010-01-12 17:42:31 -0300},
pmid = {4879027512537165708related:jK8iJqzJtUMJ},
local-url = {file://localhost/Users/bernardo/References/Papers/Smit/Smit.pdf},
uri = {papers://026E33A6-A838-4B47-A68E-FD56DC4A49FB/Paper/p21},
rating = {0}
}

@article{Kyotoku:2010p788,
author = {B Kyotoku and A Braz and R Braz and A Gomes}, 
journal = {spie.org},
title = {Fiber-reinforced composite analysis using optical coherence tomography after {\ldots}},
abstract = {Fiber-reinforced composites are new materials which have been used for a variety of dental applications, including tooth splinting, replacement of missing teeth, treatment of dental emergencies, reinforcement of resin provisional fixed prosthodontic restorations, },
date-added = {2010-04-08 15:03:10 -0300},
date-modified = {2010-04-08 15:03:10 -0300},
URL = {http://www.spie.org/x648.html?product_id=700929},
uri = {papers://026E33A6-A838-4B47-A68E-FD56DC4A49FB/Paper/p788},
rating = {0}
}

@article{Namioka:1959p48,
author = {T Namioka}, 
journal = {Journal of the Optical Society of America},
title = {Theory of the Concave Grating. II. Application of the Theory to the Off---Plane Eagle Mounting in a Vacuum Spectrograph},
number = {5},
pages = {460--465},
volume = {49},
year = {1959},
date-added = {2010-01-12 17:22:55 -0300},
date-modified = {2010-01-12 18:02:43 -0300},
pmid = {1990799571836931747related:ow5Xsqm9oBsJ},
local-url = {file://localhost/Users/bernardo/References/Papers/Namioka/Namioka.pdf},
uri = {papers://026E33A6-A838-4B47-A68E-FD56DC4A49FB/Paper/p48},
rating = {0}
}

@article{Cheng:1985p350,
author = {Y Cheng and J Wyant}, 
journal = {Applied Optics},
title = {Multiple-wavelength phase-shifting interferometry},
abstract = {This paper describes a method to enhance the capability of two-wavelength - . By introducing the phase data of a third wavelength, one can measure the phase of a very steep wave front. Experiments have been performed using a linear detector },
year = {1985},
month = {Jan},
date-added = {2010-01-19 21:52:18 -0300},
date-modified = {2010-01-19 21:52:18 -0300},
pmid = {8059441024030271967related:3-mIHeni2G8J},
URL = {http://www.opticsinfobase.org/ao/viewmedia.cfm?id=28236&seq=0},
local-url = {file://localhost/Users/bernardo/References/Papers/Cheng/Cheng-1985-01-01-1.pdf},
uri = {papers://026E33A6-A838-4B47-A68E-FD56DC4A49FB/Paper/p350},
rating = {0}
}

@article{Cheng:1984p279,
author = {Y Cheng and J Wyant}, 
journal = {Applied Optics},
title = {Two-wavelength phase shifting interferometry},
abstract = {This paper describes a technique that combines ideas of phase shifting interferometry (PSI) and two-wave- length interferometry (TWLI) to extend the phase measurement range of conventional single-wavelength PSI. To verify theoretical predictions, experiments have been },
year = {1984},
month = {Jan},
date-added = {2010-01-19 21:39:28 -0300},
date-modified = {2010-01-19 21:39:28 -0300},
pmid = {8158920863640388821related:1QTPM0xPOnEJ},
URL = {http://www.opticsinfobase.org/ao/viewmedia.cfm?id=28058&seq=0},
local-url = {file://localhost/Users/bernardo/References/Papers/Cheng/Cheng-1984-01-01.pdf},
uri = {papers://026E33A6-A838-4B47-A68E-FD56DC4A49FB/Paper/p279},
read = {Yes},
rating = {0}
}

@article{Braz:2009p790,
author = {A Braz and B Kyotoku and R Braz and A Gomes}, 
journal = {Dental Materials},
title = {Evaluation of crack propagation in dental composites by optical coherence {\ldots}},
abstract = {Bar specimens (2 mm × 3 mm × 25 mm) of fiber reinforced composite were mechanically and thermally cycled to emulate oral conditions. The interior of these samples was analyzed prior to and after loading, using OCT. The device used was a home-built Fourier domain OCT },
year = {2009},
month = {Jan},
date-added = {2010-04-08 15:03:38 -0300},
date-modified = {2010-04-08 15:03:38 -0300},
pmid = {11585735416638383829related:1aZkQvrMyKAJ},
URL = {http://linkinghub.elsevier.com/retrieve/pii/S0109564108001425},
uri = {papers://026E33A6-A838-4B47-A68E-FD56DC4A49FB/Paper/p790},
rating = {0}
}

@article{Baak:1982p79,
author = {T B{\aa}{\aa}k}, 
journal = {Applied Optics},
title = {Silicon oxynitride; a material for GRIN optics},
number = {6},
pages = {1069--1072},
volume = {21},
year = {1982},
date-added = {2010-01-12 17:23:03 -0300},
date-modified = {2010-01-12 17:42:59 -0300},
pmid = {4100613893757410419related:cxxxQpxO6DgJ},
local-url = {file://localhost/Users/bernardo/References/Papers/B%C3%A5%C3%A5k/B%C3%A5%C3%A5k.pdf},
uri = {papers://026E33A6-A838-4B47-A68E-FD56DC4A49FB/Paper/p79},
rating = {0}
}

@article{Creath:1985p341,
author = {K Creath}, 
journal = {Applied Optics},
title = {Phase-shifting speckle interferometry},
abstract = { centers. Quantitative data can be obtained using -  (PSI).7 PSI has been used to nondestructively test specular objects by shifting the phase of one beam in the interferometer with respect to the other. },
year = {1985},
month = {Jan},
date-added = {2010-01-19 21:54:33 -0300},
date-modified = {2010-01-19 21:54:33 -0300},
pmid = {7239972754133462570related:Kq6hYdyMeWQJ},
URL = {http://www.opticsinfobase.org/ao/viewmedia.cfm?id=28707&seq=0},
local-url = {file://localhost/Users/bernardo/References/Papers/Creath/Creath-1985-01-01.pdf},
uri = {papers://026E33A6-A838-4B47-A68E-FD56DC4A49FB/Paper/p341},
rating = {0}
}

@article{Chinn:1981p50,
author = {JD Chinn and I Adesida and ED Wolf and RC Tiberio}, 
journal = {Journal of Vacuum Science and Technology},
title = {Reactive ion etching for submicron structures},
pages = {1418},
volume = {19},
year = {1981},
date-added = {2010-01-12 17:23:04 -0300},
date-modified = {2010-01-12 17:33:29 -0300},
pmid = {17969201904102251732related:1JxJR-1tX_kJ},
local-url = {file://localhost/Users/bernardo/References/Papers/Chinn/Chinn.pdf},
uri = {papers://026E33A6-A838-4B47-A68E-FD56DC4A49FB/Paper/p50},
rating = {0}
}

@article{Schwider:1989p371,
author = {J Schwider}, 
journal = {Applied Optics},
title = {Phase shifting interferometry: reference phase error reduction},
abstract = {The accuracy of  is limited by reference phase errors caused by nonlinearities in the phase shifter movements, calibration errors of this device, phase drifts during the measuring interval, and low frequency mechanical vibrations. Since the error },
year = {1989},
month = {Jan},
date-added = {2010-01-19 21:53:00 -0300},
date-modified = {2010-01-19 21:53:00 -0300},
pmid = {3251884485175033451related:az52xbUDIS0J},
URL = {http://www.opticsinfobase.org/abstract.cfm?URI=ao-28-18-3889},
local-url = {file://localhost/Users/bernardo/References/Papers/Schwider/Schwider-1989-01-01.pdf},
uri = {papers://026E33A6-A838-4B47-A68E-FD56DC4A49FB/Paper/p371},
rating = {0}
}

@article{Wang:1997p134,
author = {Y Wang and SD Russell and RL Shimabukuro}, 
title = {Surface plasmon tunable filter and spectrometer-on-a-chip},
year = {1997},
date-added = {2010-01-12 17:23:04 -0300},
date-modified = {2010-01-12 17:31:25 -0300},
pmid = {11946760052875362228related:tH92sPhqy6UJ},
local-url = {file://localhost/Users/bernardo/References/Papers/Wang/Wang.pdf},
uri = {papers://026E33A6-A838-4B47-A68E-FD56DC4A49FB/Paper/p134},
rating = {0}
}

@article{Bock:2008p9,
author = {PJ Bock and P Cheben and A Del{\^a}ge and JH Schmid and DX Xu and S Janz and TJ Hall}, 
journal = {Optics Express},
title = {Demultiplexer with blazed waveguide sidewall grating and sub-wavelength grating structure},
number = {22},
pages = {17616--17625},
volume = {16},
year = {2008},
date-added = {2010-01-12 17:22:41 -0300},
date-modified = {2010-01-12 18:28:02 -0300},
pmid = {3658963478393472572related:PEbFx-U_xzIJ},
local-url = {file://localhost/Users/bernardo/References/Papers/Bock/Bock.pdf},
uri = {papers://026E33A6-A838-4B47-A68E-FD56DC4A49FB/Paper/p9},
read = {Yes},
rating = {0}
}

@article{Fukazawa:2004p23,
author = {T Fukazawa and F Ohno and T Baba}, 
journal = {Jpn. J. Appl. Phys},
title = {Very compact arrayed-waveguide-grating demultiplexer using Si photonic wire waveguides},
number = {5B},
pages = {673--675},
volume = {43},
year = {2004},
date-added = {2010-01-12 17:22:50 -0300},
date-modified = {2010-01-12 17:32:03 -0300},
pmid = {1751240940341384968related:CFcrVVuoTRgJ},
local-url = {file://localhost/Users/bernardo/References/Papers/Fukazawa/Fukazawa.pdf},
uri = {papers://026E33A6-A838-4B47-A68E-FD56DC4A49FB/Paper/p23},
read = {Yes},
rating = {0}
}

@article{PrietoBlanco:2006p96,
author = {X Prieto-Blanco and C Montero-Orille and B Couce and R de La Fuente}, 
journal = {Optics Express},
title = {Analytical design of an Offner imaging spectrometer},
number = {20},
pages = {9156--9168},
volume = {14},
year = {2006},
date-added = {2010-01-12 17:22:56 -0300},
date-modified = {2010-01-12 17:59:42 -0300},
pmid = {1887376212664751804related:vJZnaapOMRoJ},
local-url = {file://localhost/Users/bernardo/References/Papers/Prieto-Blanco/Prieto-Blanco.pdf},
uri = {papers://026E33A6-A838-4B47-A68E-FD56DC4A49FB/Paper/p96},
rating = {0}
}

@article{Delage:2004p74,
author = {A Delage and S Bidnyk and P Cheben and K Dossou and S Janz and B Lamontagne and M Packirisamy and DX Xu}, 
journal = {Transparent Optical Networks, 2004. Proceedings of 2004 6th International Conference on},
title = {Recent developments in integrated spectrometers},
volume = {2},
year = {2004},
date-added = {2010-01-12 17:22:54 -0300},
date-modified = {2010-01-12 18:09:41 -0300},
pmid = {3930121935960425184related:4ELk_BOZijYJ},
local-url = {file://localhost/Users/bernardo/References/Papers/Delage/Delage.pdf},
uri = {papers://026E33A6-A838-4B47-A68E-FD56DC4A49FB/Paper/p74},
rating = {0}
}

@article{Cheben:2007p133,
author = {P Cheben and JH Schmid and A Del{\^a}ge and A Densmore and S Janz and B Lamontagne and J Lapointe and E Post and P Waldron and DX Xu}, 
journal = {Optics Express},
title = {A high-resolution silicon-on-insulator arrayed waveguide grating microspectrometer with sub-micrometer aperture waveguides},
number = {5},
pages = {2299--2306},
volume = {15},
year = {2007},
date-added = {2010-01-12 17:22:41 -0300},
date-modified = {2010-01-12 18:27:29 -0300},
pmid = {4016370236921092571related:2xkianMDvTcJ},
local-url = {file://localhost/Users/bernardo/References/Papers/Cheben/Cheben.pdf},
uri = {papers://026E33A6-A838-4B47-A68E-FD56DC4A49FB/Paper/p133},
read = {Yes},
rating = {0}
}

@article{Yariv:1973p76,
author = {A Yariv}, 
journal = {IEEE Journal of Quantum Electronics},
title = {Coupled-mode theory for guided-wave optics},
number = {9},
pages = {919--933},
volume = {9},
year = {1973},
date-added = {2010-01-12 17:22:56 -0300},
date-modified = {2010-01-12 18:01:40 -0300},
pmid = {14822908246714228675related:wx-c54OMtc0J},
local-url = {file://localhost/Users/bernardo/References/Papers/Yariv/Yariv.pdf},
uri = {papers://026E33A6-A838-4B47-A68E-FD56DC4A49FB/Paper/p76},
rating = {0}
}

@article{Wojtkowski:2002p3,
author = {M Wojtkowski and A Kowalczyk and R Leitgeb and AF Fercher}, 
journal = {Optics letters},
title = {Full range complex spectral optical coherence tomography technique in eye imaging},
number = {16},
pages = {1415--1417},
volume = {27},
year = {2002},
date-added = {2010-01-12 17:23:05 -0300},
date-modified = {2010-01-12 17:30:23 -0300},
pmid = {1587651725929438065related:cVsPP9V4CBYJ},
local-url = {file://localhost/Users/bernardo/References/Papers/Wojtkowski/Wojtkowski.pdf},
uri = {papers://026E33A6-A838-4B47-A68E-FD56DC4A49FB/Paper/p3},
rating = {0}
}

@article{Anonymous:2010p836,
title = {CV},
pages = {1--3},
year = {2010},
month = {Jun},
date-added = {2010-06-11 10:28:09 -0300},
date-modified = {2010-06-11 10:28:10 -0300},
local-url = {file://localhost/Users/bernardo/References/Papers/Unknown/2010-06-04.pdf},
uri = {papers://026E33A6-A838-4B47-A68E-FD56DC4A49FB/Paper/p836},
rating = {0}
}

@article{Rowland:1883p38,
author = {HA Rowland}, 
journal = {Philosophical Magazine Series 5},
title = {XXIX. On concave gratings for optical purposes},
number = {99},
pages = {197--210},
volume = {16},
year = {1883},
date-added = {2010-01-12 17:22:52 -0300},
date-modified = {2010-01-12 18:12:14 -0300},
pmid = {3471353123068512390related:hghx_kW5LDAJ},
local-url = {file://localhost/Users/bernardo/References/Papers/Rowland/Rowland.pdf},
uri = {papers://026E33A6-A838-4B47-A68E-FD56DC4A49FB/Paper/p38},
rating = {0}
}

@article{Deri:1994p31,
author = {RJ Deri and JS Kallman and SP Dijaili}, 
journal = {IEEE Photonics Technology Letters},
title = {Quantitative analysis of integrated optic waveguide spectrometers},
number = {2},
pages = {242--244},
volume = {6},
year = {1994},
date-added = {2010-01-12 17:22:42 -0300},
date-modified = {2010-01-12 18:16:38 -0300},
pmid = {6798616509642435823related:7-xX5bGJWV4J},
local-url = {file://localhost/Users/bernardo/References/Papers/Deri/Deri.pdf},
uri = {papers://026E33A6-A838-4B47-A68E-FD56DC4A49FB/Paper/p31},
rating = {0}
}

@article{Ellis:2007p36,
author = {DI Ellis and WB Dunn and JL Griffin and JW Allwood and R Goodacre}, 
journal = {Pharmacogenomics},
title = {Metabolic fingerprinting as a diagnostic tool},
number = {9},
pages = {1243--1266},
volume = {8},
year = {2007},
date-added = {2010-01-12 17:22:42 -0300},
date-modified = {2010-01-12 18:15:38 -0300},
pmid = {7929498323459677316related:hJzegLY8C24J},
local-url = {file://localhost/Users/bernardo/References/Papers/Ellis/Ellis-1.pdf},
uri = {papers://026E33A6-A838-4B47-A68E-FD56DC4A49FB/Paper/p36},
rating = {0}
}

@article{Ho:2007p62,
author = {Seng-Tiong Ho}, 
title = {CWP3 - Aberration Corrected Ultra-Compact Ultra-Large Angle Curved Grating Multiplexer and Demultiplexer on SOI Platform},
pages = {1--2},
year = {2007},
month = {Dec},
date-added = {2010-01-12 17:22:52 -0300},
date-modified = {2010-01-12 17:23:18 -0300},
local-url = {file://localhost/Users/bernardo/References/Papers/Ho/Ho-2007-12-03.pdf},
uri = {papers://026E33A6-A838-4B47-A68E-FD56DC4A49FB/Paper/p62},
rating = {0}
}

@article{FONSECA:2010p794,
author = {D FONS{\^E}CA and B Kyotoku}, 
journal = {International {\ldots}},
title = {Characterization of enamel in primary teeth by optical coherence tomography for {\ldots}},
abstract = {It is also possible that your web browser is not configured or not able to display style sheets. In this case, although the visual presentation will be degraded, the site should continue to be functional. We recommend using the latest version of Microsoft or Mozilla web browser to },
year = {2010},
month = {Jan},
date-added = {2010-04-08 15:03:00 -0300},
date-modified = {2010-04-08 15:03:00 -0300},
pmid = {related:IYLUxLAIAe4J},
URL = {http://www3.interscience.wiley.com/journal/123290253/abstract},
uri = {papers://026E33A6-A838-4B47-A68E-FD56DC4A49FB/Paper/p794},
rating = {0}
}

@article{Cascio:1995p40,
author = {L Cascio and T Rozzi and L Zappelli}, 
journal = {IEEE Transactions on Microwave Theory and Techniques},
title = {Radiation loss of Y-junctions in rib waveguide},
number = {8},
pages = {1788--1797},
volume = {43},
year = {1995},
date-added = {2010-01-12 17:22:41 -0300},
date-modified = {2010-01-12 18:19:42 -0300},
pmid = {583666801321790986related:Ck75B92ZGQgJ},
local-url = {file://localhost/Users/bernardo/References/Papers/Cascio/Cascio.pdf},
uri = {papers://026E33A6-A838-4B47-A68E-FD56DC4A49FB/Paper/p40},
rating = {0}
}

@article{Fercher:1985p230,
author = {AF Fercher and HZ Hu and U Vry}, 
journal = {Applied Optics},
title = {Rough surface interferometry with a two-wavelength heterodyne speckle interferometer},
number = {14},
pages = {2181--2188},
volume = {24},
year = {1985},
date-added = {2010-01-19 20:58:52 -0300},
date-modified = {2010-01-19 20:59:12 -0300},
pmid = {6787949230183612427related:CwB7WtyjM14J},
local-url = {file://localhost/Users/bernardo/References/Papers/Fercher/Fercher.pdf},
uri = {papers://026E33A6-A838-4B47-A68E-FD56DC4A49FB/Paper/p230},
read = {Yes},
rating = {0}
}

@article{Polhemus:1973p181,
author = {C Polhemus}, 
journal = {Applied Optics},
title = {Two-wavelength interferometry},
number = {9},
pages = {2071--2074},
volume = {12},
year = {1973},
date-added = {2010-01-19 19:55:32 -0300},
date-modified = {2010-01-19 19:58:04 -0300},
pmid = {13108153798717023015related:JyO3EW6E6bUJ},
local-url = {file://localhost/Users/bernardo/References/Papers/Polhemus/Polhemus.pdf},
uri = {papers://026E33A6-A838-4B47-A68E-FD56DC4A49FB/Paper/p181},
read = {Yes},
rating = {0}
}

@article{Wang:2007p771,
author = {R Wang}, 
journal = {Applied Physics Letters},
title = {In vivo full range complex Fourier domain optical coherence tomography},
abstract = {In vivo full range complex Fourier domain optical coherence tomography. [Applied Physics Letters 90, 054103 (2007)]. Ruikang K. Wang. Abstract. The author presents a system and algorithm to achieve full range complex Fourier },
year = {2007},
month = {Jan},
date-added = {2010-02-09 17:31:30 -0300},
date-modified = {2010-02-09 17:31:30 -0300},
pmid = {4915718912128875110related:ZnocVU4kOEQJ},
URL = {http://link.aip.org/link/?APPLAB/90/054103/1},
local-url = {file://localhost/Users/bernardo/References/Papers/Wang/Wang-2007-01-01.pdf},
uri = {papers://026E33A6-A838-4B47-A68E-FD56DC4A49FB/Paper/p771},
read = {Yes},
rating = {0}
}

@article{Chen:2009p51,
author = {L Chen}, 
journal = {dspace.library.cornell.edu},
title = {Controlling And Detecting Light For On-Chip Optical Interconnects},
abstract = {The tremendous growth in computer processing power as a result of the microelectronics scaling demands corresponding increase in communications bandwidth that is approaching the limits of traditional electrical interconnects. Optical links, traditionally limited to only long-hual },
year = {2009},
month = {Jan},
date-added = {2010-01-12 17:22:41 -0300},
date-modified = {2010-01-12 18:18:22 -0300},
URL = {http://dspace.library.cornell.edu:8080/handle/1813/13573},
local-url = {file://localhost/Users/bernardo/References/Papers/Chen/Chen-2009-01-01.pdf},
uri = {papers://026E33A6-A838-4B47-A68E-FD56DC4A49FB/Paper/p51},
read = {Yes},
rating = {0}
}

@article{Little:1997p39,
author = {BE Little and ST Chu and HA Haus and J Foresi and JP Laine}, 
journal = {Journal of Lightwave Technology},
title = {Microring resonator channel dropping filters},
number = {6},
pages = {998--1005},
volume = {15},
year = {1997},
date-added = {2010-01-12 17:22:54 -0300},
date-modified = {2010-01-12 18:08:08 -0300},
pmid = {9892503934213481421related:zePyWeo7SYkJ},
local-url = {file://localhost/Users/bernardo/References/Papers/Little/Little.pdf},
uri = {papers://026E33A6-A838-4B47-A68E-FD56DC4A49FB/Paper/p39},
rating = {0}
}

@article{BaehrJones:2004p801,
author = {T Baehr-Jones and M Hochberg and C Walker}, 
journal = {Applied Physics {\ldots}},
title = {High-Q ring resonators in thin silicon-on-insulator},
abstract = {Over the past several years, there has been substantial interest in the application of microring structures as laser sources and as optical filter elements for dense wavelength division multiplexing systems. Here we describe a -on-insulator (SOI) structure that is },
year = {2004},
month = {Jan},
date-added = {2010-05-29 19:45:08 -0300},
date-modified = {2010-05-29 19:45:08 -0300},
pmid = {12010538749447907695related:bynoqVsBrqYJ},
URL = {http://link.aip.org/link/?APPLAB/85/3346/1},
uri = {papers://026E33A6-A838-4B47-A68E-FD56DC4A49FB/Paper/p801},
rating = {0}
}

@article{Squires:2005p65,
author = {TM Squires and SR Quake}, 
journal = {Rev. Mod. Phys.},
title = {Microfluidics: Fluid physics at the nanoliter scale},
number = {3},
pages = {977--1026},
volume = {77},
year = {2005},
date-added = {2010-01-12 17:23:03 -0300},
date-modified = {2010-01-12 18:37:06 -0300},
pmid = {5357486292367087120related:EJaQ0WWdWUoJ},
local-url = {file://localhost/Users/bernardo/References/Papers/Squires/Squires.pdf},
uri = {papers://026E33A6-A838-4B47-A68E-FD56DC4A49FB/Paper/p65},
rating = {0}
}

@article{Song:1992p126,
author = {GH Song and WJ Tomlinson}, 
journal = {Journal of the Optical Society of America A},
title = {Fourier analysis and synthesis of adiabatic tapers in integrated optics},
number = {8},
pages = {1289--1300},
volume = {9},
year = {1992},
date-added = {2010-01-12 17:23:03 -0300},
date-modified = {2010-01-12 17:41:28 -0300},
pmid = {17376848055425640694related:9iiVaz33JvEJ},
local-url = {file://localhost/Users/bernardo/References/Papers/Song/Song.pdf},
uri = {papers://026E33A6-A838-4B47-A68E-FD56DC4A49FB/Paper/p126},
rating = {0}
}

@article{Sarfraz:2007p107,
author = {S Sarfraz}, 
journal = {IEEE International Multitopic Conference, 2007. INMIC 2007},
title = {Influence of edge gradient on morphology of edge roughness using PMMA},
pages = {1--6},
year = {2007},
date-added = {2010-01-12 17:23:02 -0300},
date-modified = {2010-01-12 17:45:04 -0300},
pmid = {related:X5Jd6s6bxLsJ},
local-url = {file://localhost/Users/bernardo/References/Papers/Sarfraz/Sarfraz.pdf},
uri = {papers://026E33A6-A838-4B47-A68E-FD56DC4A49FB/Paper/p107},
rating = {0}
}

@article{Neuert:2005p59,
author = {G Neuert and S Kufer and M Benoit and HE Gaub}, 
journal = {Review of Scientific Instruments},
title = {Modular multichannel surface plasmon spectrometer},
pages = {054303},
volume = {76},
year = {2005},
date-added = {2010-01-12 17:22:55 -0300},
date-modified = {2010-01-12 18:02:22 -0300},
pmid = {2727150713856938061related:TVBlDCDJ2CUJ},
local-url = {file://localhost/Users/bernardo/References/Papers/Neuert/Neuert.pdf},
uri = {papers://026E33A6-A838-4B47-A68E-FD56DC4A49FB/Paper/p59},
rating = {0}
}

@article{Kyotoku:2007p137,
author = {BBC Kyotoku and ASL Gomes}, 
journal = {Optics Communications},
title = {Dental fiber-reinforced composite analysis using optical coherence tomography},
number = {2},
pages = {403--407},
volume = {279},
year = {2007},
date-added = {2010-01-12 19:47:52 -0300},
date-modified = {2010-01-12 19:47:58 -0300},
pmid = {17062638629459593307related:WwjMh26ryuwJ},
local-url = {file://localhost/Users/bernardo/References/Papers/Kyotoku/Kyotoku.pdf},
uri = {papers://026E33A6-A838-4B47-A68E-FD56DC4A49FB/Paper/p137},
read = {Yes},
rating = {0}
}

@article{Assefa:2009p35,
author = {S Assefa and F Xia and SW Bedell and Y Zhang and T Topuria and PM Rice and YA Vlasov}, 
journal = {Optical Fiber Communication Conference},
title = {CMOS-Integrated 40GHz Germanium Waveguide Photodetector for On-Chip Optical Interconnects},
year = {2009},
date-added = {2010-01-12 17:22:40 -0300},
date-modified = {2010-01-12 18:03:49 -0300},
pmid = {14983357023895363535related:zx8j-NOT788J},
local-url = {file://localhost/Users/bernardo/References/Papers/Assefa/Assefa.pdf},
uri = {papers://026E33A6-A838-4B47-A68E-FD56DC4A49FB/Paper/p35},
rating = {0}
}

@article{Song:2008p52,
author = {J Song and Q Fang and SH Tao and MB Yu and GQ Lo and DL Kwong}, 
journal = {Optics Express},
title = {Passive ring-assisted Mach-Zehnder interleaver on silicon-on-insulator},
number = {12},
pages = {8359--8365},
volume = {16},
year = {2008},
date-added = {2010-01-12 17:23:03 -0300},
date-modified = {2010-01-12 18:24:47 -0300},
pmid = {8179860759002859543related:F8iFhAW0hHEJ},
local-url = {file://localhost/Users/bernardo/References/Papers/Song/Song-2.pdf},
uri = {papers://026E33A6-A838-4B47-A68E-FD56DC4A49FB/Paper/p52},
rating = {0}
}

@article{Soljacic:2003p110,
author = {M Solja{\v c}i{\'c} and C Luo and JD Joannopoulos and S Fan}, 
journal = {Optics letters},
title = {Nonlinear photonic crystal microdevices for optical integration},
number = {8},
pages = {637--639},
volume = {28},
year = {2003},
date-added = {2010-01-12 17:23:03 -0300},
date-modified = {2010-01-12 18:02:12 -0300},
pmid = {16029335200888200846related:jh6bKnCjc94J},
local-url = {file://localhost/Users/bernardo/References/Papers/Solja%C4%8Di%C4%87/Solja%C4%8Di%C4%87.pdf},
uri = {papers://026E33A6-A838-4B47-A68E-FD56DC4A49FB/Paper/p110},
rating = {0}
}

@article{Mori:2005p37,
author = {D Mori and T Baba}, 
journal = {Optics Express},
title = {Wideband and low dispersion slow light by chirped photonic crystal coupled waveguide},
number = {23},
pages = {9398--9408},
volume = {13},
year = {2005},
date-added = {2010-01-12 17:22:55 -0300},
date-modified = {2010-01-12 18:03:00 -0300},
pmid = {8953786540672842883related:g3x6Z2s9QnwJ},
local-url = {file://localhost/Users/bernardo/References/Papers/Mori/Mori.pdf},
uri = {papers://026E33A6-A838-4B47-A68E-FD56DC4A49FB/Paper/p37},
rating = {0}
}

@article{Hall:2006p29,
author = {JL Hall}, 
journal = {Rev. Mod. Phys.},
title = {Nobel Lecture: Defining and measuring optical frequencies},
number = {4},
pages = {1279--1295},
volume = {78},
year = {2006},
date-added = {2010-01-12 17:22:51 -0300},
date-modified = {2010-01-19 22:17:26 -0300},
pmid = {13199416083988341463related:1-KzsP6-LbcJ},
local-url = {file://localhost/Users/bernardo/References/Papers/Hall/Hall.pdf},
uri = {papers://026E33A6-A838-4B47-A68E-FD56DC4A49FB/Paper/p29},
read = {Yes},
rating = {0}
}

@article{Chao:2006p64,
author = {CY Chao and W Fung and LJ Guo}, 
journal = {IEEE Journal of Selected Topics in Quantum Electronics},
title = {Polymer microring resonators for biochemical sensing applications},
number = {1},
pages = {134--142},
volume = {12},
year = {2006},
date-added = {2010-01-12 17:22:41 -0300},
date-modified = {2010-01-12 18:18:56 -0300},
pmid = {7589746294639658230related:9oRV8woyVGkJ},
local-url = {file://localhost/Users/bernardo/References/Papers/Chao/Chao.pdf},
uri = {papers://026E33A6-A838-4B47-A68E-FD56DC4A49FB/Paper/p64},
rating = {0}
}

@article{Barnard:1993p1128,
author = {T Barnard and M Crockett and J Ivaldi}, 
journal = {Analytical {\ldots}},
title = {Design and evaluation of an echelle grating optical system for ICP-OES},
abstract = { The image quality effects of manufacturing tolerances, physical  width, and residual aberrations combine in quadrature to -20 pm. The contributions of manufacturing tolerances and  width are comparable whereas },
year = {1993},
month = {Jan},
date-added = {2010-08-23 23:41:11 -0300},
date-modified = {2010-08-23 23:41:11 -0300},
pmid = {8504396140744747864related:WCtLVjuvBXYJ},
URL = {http://pubs.acs.org/doi/abs/10.1021/ac00057a020},
local-url = {file://localhost/Users/bernardo/References/Papers/Barnard/Barnard-1993-01-01.pdf},
uri = {papers://026E33A6-A838-4B47-A68E-FD56DC4A49FB/Paper/p1128},
rating = {0}
}

@article{Kikuta:1986p661,
author = {H Kikuta and K Iwata and R Nagata}, 
journal = {Applied Optics},
title = {Distance measurement by the wavelength shift of laser diode light},
abstract = {This paper proposes a method for measuring distance larger than the wavelength of light with an interferometer using a laser diode. This method uses the fact that the wavelength of the emitted light of a laser diode varies in proportion to the diode's injection current. The phase },
year = {1986},
month = {Jan},
date-added = {2010-02-09 15:34:09 -0300},
date-modified = {2010-02-09 15:34:09 -0300},
pmid = {13430073513623137129related:aavjfrQ0YboJ},
URL = {http://www.opticsinfobase.org/abstract.cfm?URI=ao-25-17-2976},
local-url = {file://localhost/Users/bernardo/References/Papers/Kikuta/Kikuta-1986-01-01.pdf},
uri = {papers://026E33A6-A838-4B47-A68E-FD56DC4A49FB/Paper/p661},
rating = {0}
}

@article{Bedrosian:1962p772,
author = {E Bedrosian}, 
journal = {rand.org},
title = {A product theorem for Hilbert transforms},
abstract = {Skip main navigation and go to section navigation Skip main navigation and go to page content Optimum graphic presentation of this site requires a modern standards-friendly browser. The browser or PDA you are using may not display exactly as intended, but you will still be },
year = {1962},
month = {Jan},
date-added = {2010-02-09 17:49:18 -0300},
date-modified = {2010-02-09 17:49:18 -0300},
pmid = {99728082274192703related:P40VlilOYgEJ},
URL = {http://www.rand.org/pubs/research_memoranda/RM3439/},
local-url = {file://localhost/Users/bernardo/References/Papers/Bedrosian/Bedrosian-1962-01-01.pdf},
uri = {papers://026E33A6-A838-4B47-A68E-FD56DC4A49FB/Paper/p772},
rating = {0}
}

@article{Gondarenko:2009p80,
author = {A Gondarenko and JS Levy and M Lipson}, 
journal = {Optics Express},
title = {High confinement micron-scale silicon nitride high Q ring resonator},
number = {14},
pages = {11366--11370},
volume = {17},
year = {2009},
date-added = {2010-01-12 17:22:50 -0300},
date-modified = {2010-01-12 18:27:41 -0300},
pmid = {12665172038465239329related:ITnus926w68J},
local-url = {file://localhost/Users/bernardo/References/Papers/Gondarenko/Gondarenko.pdf},
uri = {papers://026E33A6-A838-4B47-A68E-FD56DC4A49FB/Paper/p80},
rating = {0}
}

@article{Geuzebroek:2003p61,
author = {DH Geuzebroek and EJ Klein and H Kelderman and A Driessen}, 
journal = {proc. ECIO 2003},
title = {Wavelength tuning and switching of a thermo-optic microring resonator},
pages = {395--398},
year = {2003},
date-added = {2010-01-12 17:22:52 -0300},
date-modified = {2010-01-12 18:16:07 -0300},
pmid = {9252005635432569737related:idveLxu6ZYAJ},
local-url = {file://localhost/Users/bernardo/References/Papers/Geuzebroek/Geuzebroek.pdf},
uri = {papers://026E33A6-A838-4B47-A68E-FD56DC4A49FB/Paper/p61},
rating = {0}
}

@article{Masaki:1989p419,
author = {A Masaki}, 
journal = {IEEE Circuits and Devices Magazine},
title = {Electrical resistance as a limiting factor for high performancecomputer packaging},
abstract = {       for high performancecomputer packaging , A. Hitachi, Ltd., Tokyo; This paper appears in: Circuits and Devices Magazine, IEEE Publication Date: May 1989 Volume: 5, Issue: 3 On },
year = {1989},
month = {Jan},
date-added = {2010-01-19 23:51:02 -0300},
date-modified = {2010-01-19 23:51:02 -0300},
pmid = {12330152384488664587related:C-7hB0SAHasJ},
URL = {http://ieeexplore.ieee.org/xpls/abs_all.jsp?arnumber=25027},
local-url = {file://localhost/Users/bernardo/References/Papers/Masaki/Masaki-1989-01-01.pdf},
uri = {papers://026E33A6-A838-4B47-A68E-FD56DC4A49FB/Paper/p419},
rating = {0}
}

