%% This BibTeX bibliography file in UTF-8 format was created using Papers.
%% http://mekentosj.com/papers/

@article{Fried:1995p1684,
author = {Daniel Fried and RE Glena and JDB Featherstone and W Seka}, 
journal = {Appl. Opt.},
title = {Nature of light scattering in dental enamel and dentin at visible and near-infrared wavelengths},
number = {7},
pages = {1278--1285},
volume = {34},
year = {1995},
date-added = {2010-11-09 01:32:23 -0300},
date-modified = {2011-01-20 19:38:46 -0300},
pmid = {5630400913165173668related:pMM-pMwzI04J},


rating = {0}
}

@article{Ishimaru:1982p46,
author = {A Ishimaru}, 
journal = {Proc. IEEE},
title = {Introduction to the theory and application of wave propagation and scattering in random media},
pages = {2--9},
volume = {358},
year = {1982},
date-added = {2010-01-12 17:22:52 -0300},
date-modified = {2011-01-21 15:54:50 -0300},
pmid = {16642399865112994875related:O6QRioCu9eYJ},


read = {Yes},
rating = {0}
}

@article{Soderholm:1990p2521,
author = {K J S{\"o}derholm and M J Roberts}, 
journal = {J. Dent. Res.},
title = {Influence of water exposure on the tensile strength of composites},

affiliation = {Department of Dental Biomaterials, College of Dentistry, University of Florida, Gainesville 32610.},
number = {12},
pages = {1812--6},
volume = {69},
year = {1990},
month = {Dec},
language = {eng},
keywords = {Composite Resins, Drug Storage, Water, Microscopy: Electron, Tensile Strength, Desiccation, Materials Testing, Surface Properties, Electron Probe Microanalysis}, 
date-added = {2010-11-24 22:15:23 -0300},
date-modified = {2011-01-21 14:19:33 -0300},
pmid = {2250085},



rating = {0}
}

@article{Orta:1995p78,
author = {R Orta and P Savi and R Tascone and D Trinchero}, 
journal = {IEEE Photon. Technol. Lett.},
title = {Synthesis of multiple-ring-resonator filters for optical systems},
number = {12},
pages = {1447--1449},
volume = {7},
year = {1995},
date-added = {2010-01-12 17:22:56 -0300},
date-modified = {2010-01-12 18:01:03 -0300},
pmid = {14245412071799657120related:oBKuys3escUJ},


rating = {0}
}

@article{Shi:2002p25,
author = {Z Shi and S He}, 
journal = {IEEE J. Sel.Top. Quant.},
title = {A three-focal-point method for the optimal design of a flat-top planar waveguide demultiplexer},
number = {6},
pages = {1179--1185},
volume = {8},
year = {2002},
date-added = {2010-01-12 17:23:03 -0300},
date-modified = {2010-01-12 17:44:19 -0300},
pmid = {9843583790573737447related:59Xw0U1vm4gJ},


rating = {0}
}

@article{Takahashi:1990p122,
author = {H Takahashi and S Suzuki and K Kato and I Nishi}, 
journal = {Electron. Lett},
title = {Arrayed-waveguide grating for wavelength division multi/demultiplexer with nanometre resolution},
number = {2},
pages = {87--88},
volume = {26},
year = {1990},
date-added = {2010-01-12 17:23:03 -0300},
date-modified = {2011-01-20 19:41:49 -0300},
pmid = {7774474880777964014related:7sn3j7Z75GsJ},


rating = {0}
}

@article{Hariharan:1987p365,
author = {P Hariharan and B Oreb and T Eiju}, 
journal = {Appl. Opt.},
title = {Digital phase-shifting interferometry: a simple error-compensating {\ldots}},

year = {1987},
month = {Jan},
date-added = {2010-01-19 21:54:19 -0300},
date-modified = {2010-01-19 21:54:19 -0300},
pmid = {11656476748972240657related:ES8XM9gfxKEJ},



rating = {0}
}

@book{Mjor:2002p2276,
author = {I Mj{\"o}r}, 
journal = {Quintessence Publishing},
title = {Pulp-dentin biology in restorative dentistry},

year = {2002},
month = {Jan},
date-added = {2010-11-24 17:27:39 -0300},
date-modified = {2011-01-26 19:34:47 -0300},
pmid = {16342616762054882549related:9TSgslujzOIJ},


rating = {0}
}

@article{Yun:2004p2532,
author = {SH Yun and G Tearney and Johannes F De Boer and B Bouma}, 
journal = {Opt. Express},
title = {Motion artifacts in optical coherence tomography with frequency-domain ranging},
number = {13},
pages = {2977--2998},
volume = {12},
year = {2004},
date-added = {2010-12-05 12:13:48 -0300},
date-modified = {2011-01-21 15:08:06 -0300},
pmid = {1253213243909105041related:kWUEN85OZBEJ},


rating = {0}
}

@article{Gladkova:2000p1718,
author = {ND Gladkova and GA Petrova and NK Nikulin and SG Radenska‚ÄêLopovok and LB Snopova and YP Chumakov and VA Nasonova and VM Gelikonov and GV Gelikonov and RV Kuranov}, 
journal = {Skin Res. Technol.},
title = {In vivo optical coherence tomography imaging of human skin: norm and pathology},
number = {1},
pages = {6--16},
volume = {6},
year = {2000},
date-added = {2010-11-09 01:32:24 -0300},
date-modified = {2010-11-09 01:51:51 -0300},
pmid = {13631529735261664447related:vzRyPxLsLL0J},


rating = {0}
}

@article{Jiang:2004p1688,
author = {Y Jiang and I Tomov and Y Wang and Z Chen}, 
journal = {Opt. Lett.},
title = {Second-harmonic optical coherence tomography},
number = {10},
pages = {1090--1092},
volume = {29},
year = {2004},
date-added = {2010-11-09 01:32:35 -0300},
date-modified = {2011-01-20 19:43:05 -0300},
pmid = {14446100883383624449related:AaOJ9zbcesgJ},


rating = {0}
}

@article{Hillman:2006p1709,
author = {TR Hillman and SG Adie and V Seemann and JJ Armstrong and SL Jacques and DD Sampson}, 
journal = {Opt. Lett.},
title = {Correlation of static speckle with sample properties in optical coherence tomography},
number = {2},
pages = {190--192},
volume = {31},
year = {2006},
date-added = {2010-11-09 01:32:27 -0300},
date-modified = {2011-01-20 19:43:05 -0300},
pmid = {6851408662174554625related:Adryv-AXFV8J},


rating = {0}
}

@article{Huang:1991p1955,
author = {D Huang and EA Swanson and CP Lin and JS Schuman and WG Stinson and W Chang and MR Hee and T Flotte and K Gregory and CA Puliafito and James G Fujimoto}, 
journal = {Science},
title = {Optical coherence tomography.},

year = {1991},
month = {Jan},
date-added = {2010-11-24 15:24:13 -0300},
date-modified = {2010-11-26 23:53:13 -0300},
pmid = {9134517856356850241related:Qdqc9pdTxH4J},



read = {Yes},
rating = {0}
}

@article{Jung:2005p2056,
author = {W Jung and J Zhang and J Chung and P Wilder-Smith and M Brenner and JS Nelson and Z Chen}, 
journal = {IEEE J. Sel.Top. Quant.},
title = {Advances in oral cancer detection using optical coherence tomography},

year = {2005},
month = {Jan},
date-added = {2010-11-24 15:40:51 -0300},
date-modified = {2011-01-21 14:47:28 -0300},
pmid = {12994240895280741714related:Uv0PcT_RVLQJ},



read = {Yes},
rating = {0}
}

@article{Kyotoku:2007p788,
author = {Bernardo B C Kyotoku and Ana K S Braz and Rodivan Braz and Anderson S L Gomes}, 
journal = {Proc. SPIE},
title = {Fiber-reinforced composite analysis using optical coherence tomography after mechanical and thermal cycling },

pages = {64250B},
volume = {6425},
year = {2007},
date-added = {2010-04-08 15:03:10 -0300},
date-modified = {2011-04-05 21:13:27 -0300},


rating = {0}
}

@article{Neuert:2005p59,
author = {G Neuert and S Kufer and M Benoit and HE Gaub}, 
journal = {Rev. Sci. Instrum.},
title = {Modular multichannel surface plasmon spectrometer},
pages = {054303},
volume = {76},
year = {2005},
date-added = {2010-01-12 17:22:55 -0300},
date-modified = {2010-01-12 18:02:22 -0300},
pmid = {2727150713856938061related:TVBlDCDJ2CUJ},


rating = {0}
}

@article{Song:1992p126,
author = {GH Song and WJ Tomlinson}, 
journal = {J. Opt. Soc. Am. A},
title = {Fourier analysis and synthesis of adiabatic tapers in integrated optics},
number = {8},
pages = {1289--1300},
volume = {9},
year = {1992},
date-added = {2010-01-12 17:23:03 -0300},
date-modified = {2011-01-21 14:10:24 -0300},
pmid = {17376848055425640694related:9iiVaz33JvEJ},


rating = {0}
}

@article{Leitgeb:2003p1779,
author = {Rainer A Leitgeb and C. K Hitzenberger and A. F Fercher and T Bajraszewski}, 
journal = {Opt. Lett.},
title = {Phase-shifting algorithm to achieve high-speed long-depth-range probing by frequency-domain optical coherence tomography},
number = {22},
pages = {2201--2203},
volume = {28},
year = {2003},
date-added = {2010-11-18 15:31:46 -0300},
date-modified = {2011-01-20 19:43:05 -0300},
pmid = {7162334807445841622related:1qY5SI-5ZWMJ},


read = {Yes},
rating = {0}
}

@book{Born:2000p1607,
author = {M Born and E Wolf and A Bhatia}, 
journal = {Cambridge University Press},
title = {Principles of optics: electromagnetic theory of propagation, interference and diffraction of light},

year = {2000},
month = {Jan},
date-added = {2010-10-28 15:03:20 -0300},
date-modified = {2011-01-21 15:16:18 -0300},
pmid = {10812616545164181791related:H8EFy3UhDpYJ},


rating = {0}
}

@article{Wojtkowski:2003p1679,
author = {M Wojtkowski and T Bajraszewski and P Targowski and A Kowalczyk}, 
journal = {Opt. Lett.},
title = {Real-time< i> in vivo</i> imaging by high-speed spectral optical coherence tomography},
number = {19},
pages = {1745--1747},
volume = {28},
year = {2003},
date-added = {2010-11-09 01:32:41 -0300},
date-modified = {2011-01-20 19:43:05 -0300},
pmid = {16866547601036476370related:0v_-Kq4DEuoJ},


read = {Yes},
rating = {0}
}

@article{Cao:2004p1600,
author = {S Cao and J Chen and JN Damask and CR Doerr and L Guiziou and G Harvey and Y Hibino and H Li and S Suzuki and KY Wu}, 
journal = {J. Lightwave Tech.},
title = {Interleaver technology: comparisons and applications requirements},
number = {1},
pages = {281},
volume = {22},
year = {2004},
date-added = {2010-10-28 14:44:09 -0300},
date-modified = {2011-01-20 19:45:24 -0300},
pmid = {5156373934374575542related:tt16D8Yej0cJ},


rating = {0}
}

@article{Xie:2008p2148,
author = {H Xie and F Zhang and Y Wu and C Chen and W Liu}, 
journal = {Aust. Dent. J.},
title = {Dentine bond strength and microleakage of flowable composite, compomer and glass ionomer cement},

affiliation = {Department of Prosthodontics, Stomatology Institute of Nanjing Medical University, Nanjing, China.},
number = {4},
pages = {325--31},
volume = {53},
year = {2008},
month = {Dec},
language = {eng},
keywords = {Resin Cements, Bisphenol A-Glycidyl Methacrylate, Dental Bonding, Dentin, Dental Leakage, Dental Stress Analysis, Barium Compounds, Dental Restoration: Permanent, Tooth Cervix, Silicon Dioxide, Tensile Strength, Humans, Molar: Third, Compomers, Dentin-Bonding Agents, Glass Ionomer Cements}, 
date-added = {2010-11-24 16:32:34 -0300},
date-modified = {2011-01-21 15:00:30 -0300},
doi = {10.1111/j.1834-7819.2008.00074.x},
pii = {ADJ074},
pmid = {19133948},


rating = {0}
}

@article{Namioka:1959p48,
author = {T Namioka}, 
journal = {J. Opt. Soc. Am.},
title = {Theory of the Concave Grating. II. Application of the Theory to the Off---Plane Eagle Mounting in a Vacuum Spectrograph},
number = {5},
pages = {460--465},
volume = {49},
year = {1959},
date-added = {2010-01-12 17:22:55 -0300},
date-modified = {2010-01-12 18:02:43 -0300},
pmid = {1990799571836931747related:ow5Xsqm9oBsJ},


rating = {0}
}

@article{Turner:2008p16,
author = {AC Turner and MA Foster and AL Gaeta and Michal Lipson}, 
journal = {Opt. Express},
title = {Ultra-low power parametric frequency conversion in a silicon microring resonator},
number = {7},
pages = {4881--4887},
volume = {16},
year = {2008},
date-added = {2010-01-12 17:23:04 -0300},
date-modified = {2011-01-21 16:31:27 -0300},
pmid = {6589180808518534758related:ZoaRzAh5cVsJ},


read = {Yes},
rating = {0}
}

@article{SherwoodDroz:2008p57,
author = {N Sherwood-Droz and H Wang and Long Chen and BG Lee and A Biberman and K Bergman and Michal Lipson}, 
journal = {Opt. Express},
title = {Optical 4x4 hitless slicon router for optical networks-on-chip (NoC)},
number = {20},
pages = {15915--15922},
volume = {16},
year = {2008},
date-added = {2010-01-12 17:23:02 -0300},
date-modified = {2011-01-21 16:31:27 -0300},
pmid = {1865833221116347435related:K0TD0m3F5BkJ},


read = {Yes},
rating = {0}
}

@article{Kyotoku:2006p843,
author = {Bernardo B C Kyotoku}, 
title = {Microsoft Word - Aluno_CapaParecerMestrado.rtf.doc},
pages = {1--83},
year = {2006},
month = {Oct},
date-added = {2010-06-11 10:28:09 -0300},
date-modified = {2011-01-21 16:16:20 -0300},


rating = {0}
}

@article{Anonymous:2000p2610,
title = {jcc00},
pages = {1--11},
year = {2000},
month = {May},
date-added = {2011-01-27 17:04:13 -0300},
date-modified = {2011-01-27 17:04:13 -0300},


rating = {0}
}

@article{Kim:2007p47,
author = {KH Kim and BH Park and GN Maguluri and TW Lee and FJ Rogomentich and MG Bancu and Brett E Bouma and Johannes F De Boer and JJ Bernstein}, 
journal = {Opt. Express},
title = {Two-axis magnetically-driven MEMS scanning catheter for endoscopic high-speed optical coherence tomography},
number = {26},
pages = {18130--18140},
volume = {15},
year = {2007},
date-added = {2010-01-12 17:22:52 -0300},
date-modified = {2011-01-21 15:08:06 -0300},
pmid = {16194641725973839933related:PcBjzdjsvuAJ},


rating = {0}
}

@article{Bajraszewski:2008p1743,
author = {T Bajraszewski and M Wojtkowski and M Szkulmowski and A Szkulmowska and R Huber and A Kowalczyk}, 
journal = {Opt. Express},
title = {Improved spectral optical coherence tomography using optical frequency comb},
number = {6},
pages = {4163--4176},
volume = {16},
year = {2008},
date-added = {2010-11-09 11:45:23 -0300},
date-modified = {2011-01-21 15:08:06 -0300},
pmid = {15406562854708806523related:e4Ol9Ekbz9UJ},


read = {Yes},
rating = {0}
}

@article{Ho:2007p62,
author = {Seng-Tiong Ho}, 
title = {CWP3 - Aberration Corrected Ultra-Compact Ultra-Large Angle Curved Grating Multiplexer and Demultiplexer on SOI Platform},
pages = {1--2},
year = {2007},
month = {Dec},
date-added = {2010-01-12 17:22:52 -0300},
date-modified = {2010-01-12 17:23:18 -0300},


rating = {0}
}

@article{PrietoBlanco:2006p96,
author = {X Prieto-Blanco and C Montero-Orille and B Couce and R de La Fuente}, 
journal = {Opt. Express},
title = {Analytical design of an Offner imaging spectrometer},
number = {20},
pages = {9156--9168},
volume = {14},
year = {2006},
date-added = {2010-01-12 17:22:56 -0300},
date-modified = {2011-01-21 15:08:06 -0300},
pmid = {1887376212664751804related:vJZnaapOMRoJ},


rating = {0}
}

@article{Rantala:2003p2481,
author = {L I Rantala and T M Lastum{\"a}ki and T Peltom{\"a}ki and P K Vallittu}, 
journal = {J. Oral Rehabil.},
title = {Fatigue resistance of removable orthodontic appliance reinforced with glass fibre weave},

affiliation = {Department of Prosthetic Dentistry and Biomaterials Research, Institute of Dentistry, University of Turku, Finland.},
number = {5},
pages = {501--6},
volume = {30},
year = {2003},
month = {May},
language = {eng},
keywords = {Dental Materials, Glass, Orthodontic Appliances: Removable, Dental Stress Analysis, Absorption, Humans, Water, Tensile Strength, Denture Bases, Equipment Failure, Polymethyl Methacrylate, Denture Design}, 
date-added = {2010-11-24 22:03:49 -0300},
date-modified = {2011-01-21 16:01:12 -0300},
pii = {1108},
pmid = {12752930},


rating = {0}
}

@article{Cascio:1995p40,
author = {L Cascio and T Rozzi and L Zappelli}, 
journal = {IEEE Trans. Microw. Theory Tech.},
title = {Radiation loss of Y-junctions in rib waveguide},
number = {8},
pages = {1788--1797},
volume = {43},
year = {1995},
date-added = {2010-01-12 17:22:41 -0300},
date-modified = {2010-01-12 18:19:42 -0300},
pmid = {583666801321790986related:Ck75B92ZGQgJ},


rating = {0}
}

@article{Wang:1997p134,
author = {Y Wang and SD Russell and RL Shimabukuro}, 
title = {Surface plasmon tunable filter and spectrometer-on-a-chip},
year = {1997},
date-added = {2010-01-12 17:23:04 -0300},
date-modified = {2010-01-12 17:31:25 -0300},
pmid = {11946760052875362228related:tH92sPhqy6UJ},


rating = {0}
}

@article{McGreer:1996p105,
author = {KA McGreer}, 
journal = {IEEE Photon. Technol. Lett.},
title = {Tunable planar concave grating demultiplexer},
number = {4},
pages = {551--553},
volume = {8},
year = {1996},
date-added = {2010-01-12 17:22:55 -0300},
date-modified = {2010-01-12 18:04:23 -0300},
pmid = {6163467863545046086related:RmQjz10JiVUJ},


rating = {0}
}

@article{Tearney:1997p1726,
author = {G J Tearney and Brett E Bouma and James G Fujimoto}, 
journal = {Opt. Lett.},
title = {High-speed phase-and group-delay scanning with a grating-based phase control delay line},
number = {23},
pages = {1811--1813},
volume = {22},
year = {1997},
date-added = {2010-11-09 01:32:45 -0300},
date-modified = {2011-01-20 19:43:05 -0300},
pmid = {6433378166673495579related:G9ZTalvzR1kJ},


rating = {0}
}

@article{Geuzebroek:2003p61,
author = {DH Geuzebroek and EJ Klein and H Kelderman and A Driessen}, 
journal = {Proc. ECIO 2003},
title = {Wavelength tuning and switching of a thermo-optic microring resonator},
pages = {395--398},
year = {2003},
date-added = {2010-01-12 17:22:52 -0300},
date-modified = {2011-01-26 17:27:26 -0300},
pmid = {9252005635432569737related:idveLxu6ZYAJ},


read = {Yes},
rating = {0}
}

@article{Chen:2009p1383,
author = {Long Chen and Michal Lipson}, 
journal = {CLEO},
title = {Integrated silicon wavelength division demultiplexer with 40 GHz germanium photodetectors},

year = {2009},
month = {Jan},
date-added = {2010-10-19 14:52:16 -0300},
date-modified = {2011-01-21 16:38:42 -0300},
pmid = {10151377571994096630related:9lOTDx7w4IwJ},


rating = {0}
}

@article{VonHerzen:1991p128,
author = {B Von Herzen and CS Obs and HI Hilo}, 
journal = {IEEE J. Solid-State Circuits },
title = {VLSI partitioning of a 2-Gs/s digital spectrometer},
number = {5},
pages = {768--772},
volume = {26},
year = {1991},
date-added = {2010-01-12 17:22:51 -0300},
date-modified = {2010-01-12 18:14:19 -0300},
pmid = {10111831791594705546related:ihKBjnBxVIwJ},


rating = {0}
}

@article{Fercher:2003p1698,
author = {A. F Fercher and Wolfgang Drexler and C. K Hitzenberger and T Lasser}, 
journal = {Rep. Prog. Phys.},
title = {Optical coherence tomography - principles and applications},

affiliation = {AA(Institute of Medical Physics, University of Vienna, Waehringer Strasse 13, A-1090 Wien, Austria adolf.friedrich.fercher@univie.ac.at), AB(Institute of Medical Physics, University of Vienna, Waehringer Strasse 13, A-1090 Wien, Austria ), AC(Institute of Medical Physics, University of Vienna, Waehringer Strasse 13, A-1090 Wien, Austria ), AD(Laboratoire d'optique biom{\'e}dicale, Institut d'imagerie et optique appliqu{\'e}e, EPFL Lausanne, CH-1015 Ecublens, Switzerland)},
pages = {239},
volume = {66},
year = {2003},
month = {Feb},
date-added = {2010-11-09 01:32:23 -0300},
date-modified = {2010-12-03 08:20:24 -0300},
doi = {10.1088/0034-4885/66/2/204},
pmid = {2003RPPh...66..239F},



read = {Yes},
rating = {0}
}

@article{Barnes:1979p1106,
author = {G Barnes and I Brezovich}, 
journal = {Med. Phys.},
title = {The design and performance of a scanning multiple slit assembly},

year = {1979},
month = {Jan},
date-added = {2010-08-23 23:39:08 -0300},
date-modified = {2010-08-23 23:39:08 -0300},
pmid = {9673208164690270709related:9ZnFLpMjPoYJ},



rating = {0}
}

@article{Yan:2004p1693,
author = {S Yan and D Piao and Y Chen and Q Zhu}, 
journal = {J. Biomed. Opt.},
title = {Digital signal processor-based real-time optical Doppler tomography system},
pages = {454},
volume = {9},
year = {2004},
date-added = {2010-11-09 01:32:48 -0300},
date-modified = {2011-01-20 19:45:32 -0300},
pmid = {4184324791781448360related:qFr-hjq1EToJ},


rating = {0}
}

@article{Ohmi:2001p1705,
author = {Masato Ohmi and Takayuki Kurata and Keiko Kishida and Makiko Takatsuka and Masamitsu Haruna}, 
title = {Comparison of 800 nm and 1300 nm images of optical coherence tomography using fiber-optic low-coherence interferometers},
pages = {1--4},
year = {2001},
month = {May},
date-added = {2010-11-09 01:32:21 -0300},
date-modified = {2010-11-26 23:39:07 -0300},


read = {Yes},
rating = {0}
}

@article{Dirks:2004p2609,
author = {RM Dirks and NA Pierce}, 
journal = {Proc. Natl. Acad. Sci. USA},
title = {Triggered amplification by hybridization chain reaction},
number = {43},
pages = {15275},
volume = {101},
year = {2004},
date-added = {2011-01-27 17:04:07 -0300},
date-modified = {2011-01-27 17:04:32 -0300},
pmid = {15513874695069828686related:TgaP0dZaTNcJ},


rating = {0}
}

@article{Tropf:1994p49,
author = {WJ Tropf and TJ Harris and ME Thomas}, 
journal = {McGraw-Hill},
title = {Optical Materials: Visible and Infrared},
year = {1994},
date-added = {2010-01-12 17:23:04 -0300},
date-modified = {2011-01-21 15:57:26 -0300},
pmid = {1142597511419712345related:WdNqBWJS2w8J},


read = {Yes},
rating = {0}
}

@article{Cheng:1985p350,
author = {Y Cheng and J Wyant}, 
journal = {Appl. Opt.},
title = {Multiple-wavelength phase-shifting interferometry},

year = {1985},
month = {Jan},
date-added = {2010-01-19 21:52:18 -0300},
date-modified = {2010-01-19 21:52:18 -0300},
pmid = {8059441024030271967related:3-mIHeni2G8J},



rating = {0}
}

@article{Guha:2010p846,
author = {B Guha and Bernardo B C Kyotoku and Michal Lipson}, 
journal = {Opt. Express},
title = {CMOS-compatible athermal silicon microring resonators},
pages = {3487--3493},
volume = {18},
year = {2010},
date-added = {2010-06-11 10:32:12 -0300},
date-modified = {2011-01-21 16:31:27 -0300},
pmid = {3013112488651901014related:VshjIti50CkJ},


rating = {0}
}

@article{Yasuno:2004p1729,
author = {Y Yasuno and S Makita and T Endo and M Itoh and T Yatagai and M Takahashi and C Katada and M Mutoh}, 
journal = {Appl. Phys. Lett.},
title = {Polarization-sensitive complex Fourier domain optical coherence tomography for Jones matrix imaging of biological samples},
pages = {3023},
volume = {85},
year = {2004},
date-added = {2010-11-09 01:32:50 -0300},
date-modified = {2011-01-20 19:38:52 -0300},
pmid = {16569528516657643912related:iIEVk2XK8uUJ},


read = {Yes},
rating = {0}
}

@article{Beutler:1945p8,
author = {HG Beutler}, 
journal = {J. Opt. Soc. Am.},
title = {The theory of the concave grating},
number = {5},
pages = {311--350},
volume = {35},
year = {1945},
date-added = {2010-01-12 17:22:41 -0300},
date-modified = {2011-01-21 14:04:51 -0300},
pmid = {132105202170560044related:LH5bQPtU1QEJ},


read = {Yes},
rating = {0}
}

@article{Artiglia:1989p90,
author = {M Artiglia and G Coppa and P Di Vita and M Potenza and A Sharma}, 
journal = {J. Lightwave Tech.},
title = {Mode field diameter measurements in single-mode optical fibers},
number = {8},
pages = {1139--1152},
volume = {7},
year = {1989},
date-added = {2010-01-12 17:22:40 -0300},
date-modified = {2011-01-20 19:45:24 -0300},
pmid = {17166091201039243822related:LhrnW_80Ou4J},


rating = {0}
}

@article{Wax:1999p1697,
author = {A Wax and S Bali and GA Alphonse and JE Thomas}, 
journal = {J. Biomed. Opt.},
title = {Characterizing the coherence of broadband sources using optical phase space contours},
pages = {482},
volume = {4},
year = {1999},
date-added = {2010-11-09 01:32:45 -0300},
date-modified = {2011-01-20 19:45:32 -0300},
pmid = {14797370718632529465related:Oc7bzUTSWs0J},


rating = {0}
}

@article{Almeida:2004p1426,
author = {Vilson R Almeida and C Barrios and R Panepucci and Michal Lipson}, 
journal = {Nature},
title = {All-optical control of light on a silicon chip},

year = {2004},
month = {Jan},
date-added = {2010-10-28 10:23:22 -0300},
date-modified = {2011-01-21 16:31:27 -0300},
pmid = {16141081656835558844related:vM1Bbj-kAOAJ},



rating = {0}
}

@article{Jung:2003p1681,
author = {W Jung and B Kao and KM Kelly and LHL Liaw and JS Nelson and Z Chen}, 
journal = {IEEE J. Sel.Top. Quant.},
title = {Optical coherence tomography for in vitro monitoring of wound healing after laser irradiation},
number = {2},
pages = {222--226},
volume = {9},
year = {2003},
date-added = {2010-11-09 01:32:47 -0300},
date-modified = {2011-01-21 14:47:28 -0300},
pmid = {1088465424615798039related:F_WEaIkBGw8J},


rating = {0}
}

@article{McGreer:1995p30,
author = {KA McGreer}, 
journal = {IEEE Photon. Technol. Lett.},
title = {Diffraction from concave gratings in planar waveguides},
number = {3},
pages = {324--326},
volume = {7},
year = {1995},
date-added = {2010-01-12 17:22:50 -0300},
date-modified = {2010-11-26 23:32:12 -0300},
pmid = {10718366226924019269related:RZ5ZiEtJv5QJ},


rating = {0}
}

@article{Yang:2006p2053,
author = {Ying Yang and Arnaud Dubois and Xiang-pei Qin and Jian Li and Alicia El Haj and Ruikang K Wang}, 
journal = {Phys. Med. Biol.},
title = {Investigation of optical coherence tomography as an imaging modality in tissue engineering},

affiliation = {Institute of Science and Technology in Medicine, Keele University, Staffs ST4 7QB, UK.},
number = {7},
pages = {1649--59},
volume = {51},
year = {2006},
month = {Apr},
language = {eng},
keywords = {Lactic Acid, Osteocytes, Polymers, Male, Adolescent, Cell Culture Techniques, Tissue Engineering, Cell Line, Humans, Tomography: Optical Coherence}, 
date-added = {2010-11-24 15:30:57 -0300},
date-modified = {2010-11-24 15:30:57 -0300},
doi = {10.1088/0031-9155/51/7/001},
pii = {S0031-9155(06)13911-1},
pmid = {16552095},

rating = {0}
}

@article{Deri:1994p31,
author = {RJ Deri and JS Kallman and SP Dijaili}, 
journal = {IEEE Photon. Technol. Lett.},
title = {Quantitative analysis of integrated optic waveguide spectrometers},
number = {2},
pages = {242--244},
volume = {6},
year = {1994},
date-added = {2010-01-12 17:22:42 -0300},
date-modified = {2010-01-12 18:16:38 -0300},
pmid = {6798616509642435823related:7-xX5bGJWV4J},


rating = {0}
}

@article{Lu:2003p112,
author = {S Lu and WH Wong and EYB Pun and Y Yan and D Wang and D Yi and G Jin}, 
journal = {Opt. Quant. Electron.},
title = {Design of flat-field arrayed waveguide grating with three stigmatic points},
number = {8},
pages = {783--790},
volume = {35},
year = {2003},
date-added = {2010-01-12 17:22:54 -0300},
date-modified = {2010-01-12 18:07:45 -0300},
pmid = {10817386483924959177related:yX91tLETH5YJ},


read = {Yes},
rating = {0}
}

@article{DeBoer:2003p2533,
author = {Johannes F De Boer and B Cense and BH Park and MC Pierce and GJ Tearney and BE Bouma}, 
journal = {Opt. Lett.},
title = {Improved signal-to-noise ratio in spectral-domain compared with time-domain optical coherence tomography},
number = {21},
pages = {2067--2069},
volume = {28},
year = {2003},
date-added = {2010-12-05 12:17:21 -0300},
date-modified = {2011-01-20 19:43:05 -0300},
pmid = {8755231032316130321related:EfStlzzUgHkJ},


rating = {0}
}

@article{Gotzinger:2005p1712,
author = {E G{\"o}tzinger and M Pircher and Rainer A Leitgeb and C. K Hitzenberger}, 
journal = {Opt. Express},
title = {High speed full range complex spectral domain optical coherence tomography},
number = {2},
pages = {583--594},
volume = {13},
year = {2005},
date-added = {2010-11-09 01:32:26 -0300},
date-modified = {2011-01-21 15:08:06 -0300},
pmid = {6068161808367257351related:B4dSowNxNlQJ},


read = {Yes},
rating = {0}
}

@article{Wojtkowski:2002p3,
author = {M Wojtkowski and A Kowalczyk and Rainer A Leitgeb and A. F Fercher}, 
journal = {Opt. Lett.},
title = {Full range complex spectral optical coherence tomography technique in eye imaging},
number = {16},
pages = {1415--1417},
volume = {27},
year = {2002},
date-added = {2010-01-12 17:23:05 -0300},
date-modified = {2011-01-20 19:43:05 -0300},
pmid = {1587651725929438065related:cVsPP9V4CBYJ},


read = {Yes},
rating = {0}
}

@article{Hitzenberger:1999p1686,
author = {C. K Hitzenberger and A Baumgartner and Wolfgang Drexler and A. F Fercher}, 
journal = {J. Biomed. Opt.},
title = {Dispersion effects in partial coherence interferometry: implications for intraocular ranging},
pages = {144},
volume = {4},
year = {1999},
date-added = {2010-11-09 01:32:27 -0300},
date-modified = {2011-01-20 19:45:32 -0300},
pmid = {8315527427874253671related:Z2t2WiOwZnMJ},


rating = {0}
}

@article{Hall:2006p29,
author = {JL Hall}, 
journal = {Rev. Mod. Phys.},
title = {Nobel Lecture: Defining and measuring optical frequencies},
number = {4},
pages = {1279--1295},
volume = {78},
year = {2006},
date-added = {2010-01-12 17:22:51 -0300},
date-modified = {2010-01-19 22:17:26 -0300},
pmid = {13199416083988341463related:1-KzsP6-LbcJ},


read = {Yes},
rating = {0}
}

@article{Kyotoku:2009p42,
author = {Bernardo B C Kyotoku and Long Chen and Michal Lipson}, 
journal = {CLEO},
title = {{\ldots} Channel Spacing Silicon-on-Insulator Wavelength Division Multiplexer},

year = {2009},
month = {Jan},
date-added = {2010-01-12 17:22:54 -0300},
date-modified = {2011-01-21 16:38:42 -0300},



read = {Yes},
rating = {0}
}

@article{Zadeh:2010p2614,
author = {Joseph N Zadeh and Conrad D Steenberg and Justin S Bois and Brian R Wolfe and Marshall B Pierce and Asif R Khan and Robert M Dirks and Niles A Pierce}, 
journal = {J. Comput. Chem.},
title = {NUPACK: Analysis and design of nucleic acid systems},
number = {1},
pages = {170--173},
volume = {32},
year = {2010},
month = {Nov},
date-added = {2011-01-27 17:04:12 -0300},
date-modified = {2011-01-27 17:04:13 -0300},
doi = {10.1002/jcc.21596},


rating = {0}
}

@article{Feldchtein:1996p111,
author = {FI Feldchtein and GV Gelikonov and VM Gelikonov and RR Iksanov and RV Kuranov and AM Sergeev and ND Gladkova and MN Ourutina and JA Warren Jr and DH Reitze}, 
journal = {Opt. Express},
title = {In vivo OCT imaging of hard and soft tissue of the oral cavity},
pages = {346--395},
volume = {7},
year = {1996},
date-added = {2010-01-12 17:22:44 -0300},
date-modified = {2011-01-21 15:04:38 -0300},
pmid = {14927055302487371671related:l-9e77WNJ88J},


read = {Yes},
rating = {0}
}

@article{Green:2007p117,
author = {WMJ Green and MJ Rooks and L Sekaric and YA Vlasov}, 
journal = {Opt. Express},
title = {Ultra-compact, low RF power, 10 Gb/s silicon Mach-Zehnder modulator},
number = {25},
pages = {17106--17113},
volume = {15},
year = {2007},
date-added = {2010-01-12 17:22:54 -0300},
date-modified = {2011-01-21 15:08:06 -0300},
pmid = {13354307154585500705related:IbyGWpoHVLkJ},


rating = {0}
}

@article{Delage:2009p1601,
author = {A Delage and Pavel Cheben and M Florjanczyk}, 
journal = {Proc. IEEE},
title = {Static Fourier-transform waveguide spectrometers},

year = {2009},
month = {Jan},
date-added = {2010-10-28 14:52:26 -0300},
date-modified = {2011-01-21 16:09:17 -0300},



read = {Yes},
rating = {0}
}

@article{Hebling:1999p2380,
author = {J Hebling and E M Giro and C A Costa}, 
journal = {J. Dent.},
title = {Human pulp response after an adhesive system application in deep cavities},

affiliation = {University of Michigan School of Dentistry, Ann Arbor 48103, USA.},
number = {8},
pages = {557--64},
volume = {27},
year = {1999},
month = {Nov},
language = {eng},
keywords = {Dental Plaque, Biocompatible Materials, Humans, Dental Cements, Composite Resins, Fluorescent Dyes, Dental Cavity Lining, Dental Pulp, Child, Bacteria, Acid Etching: Dental, Calcium Hydroxide, Adhesives, Dentin-Bonding Agents, Dentin, Pulpitis, Adolescent, Bicuspid, Dental Cavity Preparation, Phosphoric Acids, Coloring Agents, Methacrylates, Dental Restoration: Permanent}, 
date-added = {2010-11-24 18:49:16 -0300},
date-modified = {2011-01-21 14:19:53 -0300},
pii = {S0300571299000342},
pmid = {10528973},


rating = {0}
}

@article{Khurgin:2007p116,
author = {JB Khurgin}, 
journal = {Opt. Lett.},
title = {Dispersion and loss limitations on the performance of optical delay lines based on coupled resonant structures},
number = {2},
pages = {133--135},
volume = {32},
year = {2007},
date-added = {2010-01-12 17:22:52 -0300},
date-modified = {2011-01-20 19:43:05 -0300},
pmid = {2986206003344542637related:rYt914kicSkJ},


rating = {0}
}

@article{Szkulmowska:2005p1745,
author = {A Szkulmowska and I Gorczynska and M Szkulmowski and P Targowski and A Kowalczyk and BJ Kaluzny}, 
journal = {Proc. SPIE},
title = {High resolution spectral optical coherence tomography for clinical imaging of the anterior segment of the eye},
pages = {586101--1},
volume = {5861},
year = {2005},
date-added = {2010-11-09 11:50:48 -0300},
date-modified = {2010-11-26 23:33:58 -0300},
pmid = {16130914551365208335related:D4lNuFGF3N8J},


read = {Yes},
rating = {0}
}

@article{Vorckel:2003p86,
author = {A Vorckel and M Monster and W Henschel and PH Bolivar and H Kurz}, 
journal = {IEEE Photon. Technol. Lett.},
title = {Asymmetrically coupled silicon-on-insulator microring resonators for compact add-drop multiplexers},
number = {7},
pages = {921--923},
volume = {15},
year = {2003},
date-added = {2010-01-12 17:23:04 -0300},
date-modified = {2011-01-20 19:41:59 -0300},
pmid = {7155501953426258054related:hviVex1zTWMJ},


rating = {0}
}

@article{Speer:1980p103,
author = {DT Speer and SV Laven and AH Karp and M Stockton}, 
journal = {Appl. Opt.},
title = {{\'E}talon-spectrograph system for improved resolution over a wide spectral range},
number = {16},
pages = {2757--2761},
volume = {19},
year = {1980},
date-added = {2010-01-12 17:23:03 -0300},
date-modified = {2011-01-20 19:38:46 -0300},
pmid = {8674694156924283024related:kOigDmC0YngJ},


rating = {0}
}

@article{Hutcheson:1980p1771,
author = {LD Hutcheson and IA White and JJ Burke}, 
journal = {Opt. Lett.},
title = {Comparison of bending losses in integrated optical circuits},
number = {6},
pages = {276},
volume = {5},
year = {1980},
date-added = {2010-11-18 15:11:19 -0300},
date-modified = {2011-01-20 19:43:05 -0300},
pmid = {5822605385597448044related:bO_Pq78MzlAJ},


read = {Yes},
rating = {0}
}

@article{MahadevanJansen:2011p89,
author = {A Mahadevan-Jansen and RR Richards-Kortum}, 
journal = {J. Biomed. Opt.},
title = {Raman spectroscopy for the detection of cancers and precancers},
number = {01},
pages = {31--70},
volume = {1},
date-added = {2010-01-12 17:22:54 -0300},
date-modified = {2010-11-27 00:07:25 -0300},
pmid = {12419668336756486592related:wHGJ0IyGW6wJ},


read = {Yes},
rating = {0}
}

@article{Leitgeb:2000p1687,
author = {Rainer A Leitgeb and M Wojtkowski and A Kowalczyk and C. K Hitzenberger and M Sticker and A. F Fercher}, 
journal = {Opt. Lett.},
title = {Spectral measurement of absorption by spectroscopic frequency-domain optical coherence tomography},
number = {11},
pages = {820--822},
volume = {25},
year = {2000},
date-added = {2010-11-09 01:32:32 -0300},
date-modified = {2011-01-20 19:43:05 -0300},
pmid = {18264382811206741125related:hWy632UfeP0J},


read = {Yes},
rating = {0}
}

@article{Schmitt:2007p129,
author = {K Schmitt and B Schirmer and C Hoffmann and A Brandenburg and P Meyrueis}, 
journal = {Biosens. Bioelectron.},
title = {Interferometric biosensor based on planar optical waveguide sensor chips for label-free detection of surface bound bioreactions},
number = {11},
pages = {2591--2597},
volume = {22},
year = {2007},
date-added = {2010-01-12 17:23:02 -0300},
date-modified = {2010-01-12 17:24:39 -0300},
pmid = {4761728723806764512related:4L1GqwsPFUIJ},


rating = {0}
}

@article{Psaltis:2006p135,
author = {D Psaltis and S. R Quake and C Yang}, 
journal = {Nature},
title = {Developing optofluidic technology through the fusion of microfluidics and optics},
number = {7101},
pages = {381},
volume = {442},
year = {2006},
date-added = {2010-01-12 17:22:57 -0300},
date-modified = {2011-01-21 14:28:46 -0300},
pmid = {2318535718598188960related:oJ8ZsvMXLSAJ},


read = {Yes},
rating = {0}
}

@article{Kauffman:2006p2144,
author = {C Kauffman and M Carvalho and RE Araujo and AZ Freitas and Denise Zezell and Anderson S L Gomes}, 
journal = {Proc. IEEE},
title = {Characterization of the dental pulp using optical coherence tomography},

year = {2006},
month = {Jan},
date-added = {2010-11-24 15:51:29 -0300},
date-modified = {2011-04-05 21:13:27 -0300},
pmid = {15376967749856825211related:e4_apLL2ZdUJ},


rating = {0}
}

@article{Huber:2006p1731,
author = {R Huber and M Wojtkowski and James G Fujimoto}, 
journal = {Opt. Express},
title = {Fourier Domain Mode Locking (FDML): A new laser operating regime and applications for optical coherence tomography},
number = {8},
pages = {3225--3237},
volume = {14},
year = {2006},
date-added = {2010-11-09 01:32:27 -0300},
date-modified = {2011-01-21 15:08:06 -0300},
pmid = {2381908468383254614related:Voh60SE9DiEJ},


read = {Yes},
rating = {0}
}

@article{Marcatili:1969p2589,
author = {E Marcatili}, 
journal = {Bell Syst. Tech. J.},
title = {Dielectric rectangular waveguide and directional coupler for integrated optics},

year = {1969},
month = {Jan},
date-added = {2011-01-19 07:05:21 -0300},
date-modified = {2011-01-20 19:39:19 -0300},
pmid = {322225197756641909related:dfL2MRzGeAQJ},


rating = {0}
}

@article{Polhemus:1973p181,
author = {C Polhemus}, 
journal = {Appl. Opt.},
title = {Two-wavelength interferometry},
number = {9},
pages = {2071--2074},
volume = {12},
year = {1973},
date-added = {2010-01-19 19:55:32 -0300},
date-modified = {2010-01-19 19:58:04 -0300},
pmid = {13108153798717023015related:JyO3EW6E6bUJ},


read = {Yes},
rating = {0}
}

@article{HosseinZadeh:2008p100,
author = {M Hossein-Zadeh and KJ Vahala}, 
journal = {IEEE Photon. Technol. Lett.},
title = {Photonic RF down-converter based on optomechanical oscillation},
number = {4},
pages = {234--236},
volume = {20},
year = {2008},
date-added = {2010-01-12 17:22:51 -0300},
date-modified = {2010-01-12 18:13:44 -0300},
pmid = {5538197858698580408related:uNGOH5yh20wJ},


rating = {0}
}

@article{Luthi:2006p787,
author = {Stefan Robert L{\"u}thi and G Guimar{\~a}es and Bernardo B C Kyotoku and J Freitas}, 
journal = {OAA},
title = {Optical Amplifier Hybrid Devices for S-Band Telecommunications--A Comparison},

year = {2006},
month = {Jan},
date-added = {2010-04-08 15:03:14 -0300},
date-modified = {2011-01-21 16:16:21 -0300},
pmid = {related:fWb5eHK2BaYJ},


rating = {0}
}

@article{Chen:2009p91,
author = {Long Chen and Michal Lipson}, 
journal = {Opt. Express},
title = {Ultra-low capacitance and high speed germanium photodetectors on silicon},
number = {10},
pages = {7901--7906},
volume = {17},
year = {2009},
date-added = {2010-01-12 17:22:41 -0300},
date-modified = {2011-01-21 16:31:27 -0300},
pmid = {11629055895407757354related:KgjxNrm0YqEJ},


read = {Yes},
rating = {0}
}

@article{Mueller:2010p1386,
author = {T Mueller and F Xia and P Avouris}, 
journal = {Nat. Photonics},
title = {Graphene photodetectors for high-speed optical communications},

year = {2010},
month = {Jan},
date-added = {2010-10-19 14:56:52 -0300},
date-modified = {2011-01-20 19:44:28 -0300},
pmid = {17522068687627178897related:kVMDsKLkKvMJ},


rating = {0}
}

@article{Fluorescence:2011p795,
author = {P Fluorescence and Anderson S L Gomes and Bernardo B C Kyotoku and R de {\ldots}}, 
journal = {sec.sbfisica.org.br},
title = {XXX Encontro Nacional de Fƒ±sica da Mat{\'e}ria Condensada/ID: 1255-1},

date-added = {2010-04-08 15:03:46 -0300},
date-modified = {2011-04-05 21:13:27 -0300},
pmid = {related:UPbEWxNyvy4J},


rating = {0}
}

@article{Cremer:1991p81,
author = {C Cremer and G Ebbinghaus and G Heise and R M{\"u}ller-Nawrath and M Schienle and L Stoll}, 
journal = {Appl. Phys. Lett.},
title = {Grating spectrograph in InGaAsP/InP for dense wavelength division multiplexing},
pages = {627},
volume = {59},
year = {1991},
date-added = {2010-01-12 17:23:02 -0300},
date-modified = {2010-01-12 17:48:12 -0300},
pmid = {18044859597536282752related:gMjyvDI4bPoJ},


rating = {0}
}

@article{Fercher:1995p1683,
author = {A. F Fercher and C. K Hitzenberger and G Kamp and SY El-Zaiat}, 
journal = {Opt. Commun.},
title = {Measurement of intraocular distances by backscattering spectral interferometry},
number = {1-2},
pages = {43--48},
volume = {117},
year = {1995},
date-added = {2010-11-09 01:32:23 -0300},
date-modified = {2011-01-21 15:08:39 -0300},
pmid = {16653206649378086843related:u59aEzcTHOcJ},


read = {Yes},
rating = {0}
}

@article{Ahn:2007p1324,
author = {D Ahn and C Hong and J Liu and W Giziewicz and M Beals}, 
journal = {Opt. Express},
title = {High performance, waveguide integrated Ge photodetectors},

year = {2007},
month = {Jan},
date-added = {2010-10-19 14:49:00 -0300},
date-modified = {2011-01-21 15:08:06 -0300},
pmid = {10427518242150091298related:IgpDCJj8tZAJ},



rating = {0}
}

@article{Yeow:2005p66,
author = {JTW Yeow and VXD Yang and A Chahwan and ML Gordon and B Qi and IA Vitkin and BC Wilson and AA Goldenberg}, 
journal = {Sens. Actuators, A},
title = {Micromachined 2-D scanner for 3-D optical coherence tomography},
number = {2},
pages = {331--340},
volume = {117},
year = {2005},
date-added = {2010-01-12 17:23:15 -0300},
date-modified = {2011-01-21 15:52:35 -0300},
pmid = {1443882772361864098related:omPvP7uzCRQJ},


read = {Yes},
rating = {0}
}

@article{Yasin:2004p73,
author = {S Yasin and MN Khalid and DG Hasko}, 
journal = {Jpn. J. Appl. Phys.},
title = {Reduction in Roughness of Resist Features in PMMA due to the Absence of a Rinse},
number = {no. 10},
pages = {6984--6987},
volume = {43},
year = {2004},
date-added = {2010-01-12 17:23:15 -0300},
date-modified = {2010-01-12 17:26:32 -0300},
pmid = {1904276358715587652related:RLxqS0JZbRoJ},


rating = {0}
}

@article{Sarunic:2006p2528,
author = {MV Sarunic and BE Applegate and JA Izatt}, 
journal = {Opt. Lett.},
title = {Real-time quadrature projection complex conjugate resolved Fourier domain optical coherence tomography},
number = {16},
pages = {2426--2428},
volume = {31},
year = {2006},
date-added = {2010-12-05 11:54:41 -0300},
date-modified = {2011-01-20 19:43:05 -0300},
pmid = {12293631951637198721related:gTe6JCDBm6oJ},


rating = {0}
}

@article{Nowak:2010p2658,
author = {M Nowak and C Tarnita{\ldots}}, 
journal = {Nature},
title = {The evolution of eusociality},

year = {2010},
month = {Jan},
date-added = {2011-03-23 08:34:47 -0300},
date-modified = {2011-03-23 08:34:47 -0300},
pmid = {8995641584270756636related:HMswJVzw1nwJ},


rating = {0}
}

@article{Leitgeb:2003p1678,
author = {Rainer A Leitgeb and C. K Hitzenberger and A. F Fercher}, 
journal = {Opt. Express},
title = {Performance of fourier domain vs. time domain optical coherence tomography},
number = {8},
pages = {889--894},
volume = {11},
year = {2003},
date-added = {2010-11-09 01:32:32 -0300},
date-modified = {2011-01-21 15:08:06 -0300},
pmid = {17883103347921077123related:g0NvBr-LLfgJ},


read = {Yes},
rating = {0}
}

@article{Zhang:2005p2529,
author = {J Zhang and JS Nelson and Z Chen}, 
journal = {Opt. Lett.},
title = {Removal of a mirror image and enhancement of the signal-to-noise ratio in Fourier-domain optical coherence tomography using an electro-optic phase modulator},
number = {2},
pages = {147--149},
volume = {30},
year = {2005},
date-added = {2010-12-05 12:00:42 -0300},
date-modified = {2011-01-20 19:43:05 -0300},
pmid = {14361851643052745744related:EOQEHfqLT8cJ},


rating = {0}
}

@article{Wang:2007p33,
author = {SW Wang and C Xia and X Chen and W Lu and M Li and H Wang and W Zheng and T Zhang}, 
journal = {Opt. Lett.},
title = {Concept of a high-resolution miniature spectrometer using an integrated filter array},
number = {6},
pages = {632--634},
volume = {32},
year = {2007},
date-added = {2010-01-12 17:23:04 -0300},
date-modified = {2011-01-20 19:43:05 -0300},
pmid = {4276415589493467281related:kWizO1LhWDsJ},


rating = {0}
}

@article{Anonymous:2011p2606,
title = {jfm00},
pages = {1--19},
year = {2011},
month = {Jan},
date-added = {2011-01-27 17:04:11 -0300},
date-modified = {2011-01-27 17:04:13 -0300},


rating = {0}
}

@article{Sinescu:2009p2146,
author = {C Sinescu and M Negrutiu and S Antonie and G Dobre{\ldots}}, 
journal = {Proc. IEEE},
title = {Marginal adaptation analysis performed with en face optical coherence tomography in fixed partial dentures},

year = {2009},
month = {Jan},
date-added = {2010-11-24 15:59:12 -0300},
date-modified = {2011-01-21 14:50:21 -0300},


rating = {0}
}

@article{Lee:1997p22,
author = {CT Lee and ML Wu and LG Sheu and PL Fan and JM Hsu}, 
journal = {J. Lightwave Tech.},
title = {Design and analysis of completely adiabatic tapered waveguides byconformal mapping},
number = {2},
pages = {403--410},
volume = {15},
year = {1997},
date-added = {2010-01-12 17:22:54 -0300},
date-modified = {2011-01-20 19:45:24 -0300},
pmid = {14639909967062293167related:r9pyqoxoK8sJ},


rating = {0}
}

@article{Hofstetter:1997p72,
author = {D Hofstetter and RL Thornton}, 
journal = {Opt. Lett.},
title = {Theory of loss measurements of Fabry Perot resonators by Fourier analysis of the transmission spectra},
number = {24},
pages = {1831--1833},
volume = {22},
year = {1997},
date-added = {2010-01-12 17:22:51 -0300},
date-modified = {2011-01-20 19:43:05 -0300},
pmid = {6607365059493096045related:beppqIMTslsJ},


rating = {0}
}

@article{Freitas:2009p2142,
author = {AZ Freitas and Denise Zezell and ND Vieira and AC Ribeiro and Anderson S L Gomes}, 
journal = {J. Appl. Phys.},
title = {Imaging carious human dental tissue with optical coherence tomography},
number = {2},
pages = {024906},
volume = {99},
year = {2009},
date-added = {2010-11-24 15:44:50 -0300},
date-modified = {2011-04-05 21:13:27 -0300},
pmid = {3691374151736392285related:XXpOtztlOjMJ},


rating = {0}
}

@article{Kaalund:2004p119,
author = {CJ Kaalund}, 
journal = {Opt. Commun.},
title = {Critically coupled ring resonators for add-drop filtering},
number = {4-6},
pages = {357--362},
volume = {237},
year = {2004},
date-added = {2010-01-12 17:22:52 -0300},
date-modified = {2011-01-21 15:08:39 -0300},
pmid = {5401753356825840226related:Ysrg7Q7i9koJ},


rating = {0}
}

@article{CowellIII:2011p2581,
author = {E Cowell III and N Alimardani and C Knutson{\ldots}}, 
journal = {Adv. Mater.},
title = {Advancing MIM Electronics: Amorphous Metal Electrodes},

date-added = {2010-12-09 17:20:41 -0300},
date-modified = {2011-01-21 14:32:06 -0300},


rating = {0}
}

@article{Adams:2010p839,
author = {DB Adams and WT Snider and CK Madsen}, 
journal = {Opt. Express},
title = {NLFM waveform generation using tunable integrated optical ring resonators: simulation and proof of concept experiment},
number = {12},
pages = {12537--12542},
volume = {18},
year = {2010},
date-added = {2010-06-11 10:28:10 -0300},
date-modified = {2011-01-21 15:08:06 -0300},
doi = {10.1364/OE.18.012537},
pmid = {related:9nrC0NrQfioJ},



rating = {0}
}

@book{Goodman:1985p2703,
author = {J Goodman}, 
journal = {Wiley-Interscience},
title = {Statistical Optics},

year = {1985},
month = {Jan},
date-added = {2011-04-05 21:12:55 -0300},
date-modified = {2011-04-14 08:40:24 -0300},
pmid = {8112216909396404726related:9ml9eUxilHAJ},


rating = {0}
}

@article{Hammer:2005p1707,
author = {DX Hammer and RD Ferguson and JC Magill and LA Paunescu and S Beaton and H Ishikawa and G Wollstein and JS Schuman}, 
journal = {J. Biomed. Opt.},
title = {Active retinal tracker for clinical optical coherence tomography systems},
pages = {024038},
volume = {10},
year = {2005},
date-added = {2010-11-09 01:32:27 -0300},
date-modified = {2011-01-20 19:45:32 -0300},
pmid = {14589104612474643496related:KGSQQVnpdsoJ},


rating = {0}
}

@article{Sarfraz:2007p107,
author = {S Sarfraz}, 
journal = {Proc. IEEE},
title = {Influence of edge gradient on morphology of edge roughness using PMMA},
pages = {1--6},
year = {2007},
date-added = {2010-01-12 17:23:02 -0300},
date-modified = {2011-01-21 16:05:25 -0300},
pmid = {related:X5Jd6s6bxLsJ},


read = {Yes},
rating = {0}
}

@article{Shemesh:2007p1843,
author = {Hagay Shemesh and Gijs van Soest and Min-Kai Wu and Lucas W M van der Sluis and Paul R Wesselink}, 
journal = {J. Endod.},
title = {The ability of optical coherence tomography to characterize the root canal walls},

affiliation = {Department of Cariology, Endodontology, Pedodontology, Academic Centre for Dentistry Amsterdam (ACTA), Amsterdam, The Netherlands.},
number = {11},
pages = {1369--73},
volume = {33},
year = {2007},
month = {Nov},
language = {eng},
keywords = {Humans, Incisor, Dentin, Tomography: Optical Coherence, Dental Pulp Cavity, Root Canal Preparation}, 
date-added = {2010-11-24 03:26:56 -0300},
date-modified = {2010-11-24 03:26:56 -0300},
doi = {10.1016/j.joen.2007.06.022},
pii = {S0099-2399(07)00705-4},
pmid = {17963966},



rating = {0}
}

@article{Zeveke:2004p1732,
author = {AV Zeveke and JRA Plohov and Y Gushina and AN Ashutov}, 
title = {The investigations of water regime influence on the collagen structure},
pages = {1--2},
year = {2004},
month = {May},
keywords = {}, 
date-added = {2010-11-09 01:32:21 -0300},
date-modified = {2010-11-26 22:41:58 -0300},


read = {Yes},
rating = {0}
}

@article{Yariv:1973p76,
author = {A Yariv}, 
journal = {IEEE J. Quantum Elect.},
title = {Coupled-mode theory for guided-wave optics},
number = {9},
pages = {919--933},
volume = {9},
year = {1973},
date-added = {2010-01-12 17:22:56 -0300},
date-modified = {2010-01-12 18:01:40 -0300},
pmid = {14822908246714228675related:wx-c54OMtc0J},


rating = {0}
}

@article{Halir:2009p1599,
author = {R Halir and Pavel Cheben and S Janz and DX Xu and {\'I} Molina-Fern{\'a}ndez and JG Wang{\"u}emert-P{\'e}rez}, 
journal = {Opt. Lett.},
title = {Waveguide grating coupler with subwavelength microstructures},
number = {9},
pages = {1408--1410},
volume = {34},
year = {2009},
date-added = {2010-10-28 12:28:38 -0300},
date-modified = {2011-01-20 19:43:05 -0300},
pmid = {2368911921314576553related:qbgkZtcQ4CAJ},


rating = {0}
}

@article{Cheng:1985p342,
author = {Y Cheng and J Wyant}, 
journal = {Appl. Opt.},
title = {Phase shifter calibration in phase-shifting interferometry},

year = {1985},
month = {Jan},
date-added = {2010-01-19 21:52:06 -0300},
date-modified = {2010-01-19 21:52:06 -0300},
pmid = {3270564345315940324related:5FedofFgYy0J},



rating = {0}
}

@article{Bousi:2010p838,
author = {E Bousi and I Charalambous and C Pitris}, 
journal = {Opt. Express},
title = {Optical coherence tomography axial resolution improvement by step-frequency encoding},

year = {2010},
month = {Jan},
date-added = {2010-06-11 10:28:09 -0300},
date-modified = {2011-01-21 15:08:06 -0300},



rating = {0}
}

@article{Song:2008p52,
author = {J Song and Q Fang and SH Tao and MB Yu and GQ Lo and DL Kwong}, 
journal = {Opt. Express},
title = {Passive ring-assisted Mach-Zehnder interleaver on silicon-on-insulator},
number = {12},
pages = {8359--8365},
volume = {16},
year = {2008},
date-added = {2010-01-12 17:23:03 -0300},
date-modified = {2011-01-21 15:08:06 -0300},
pmid = {8179860759002859543related:F8iFhAW0hHEJ},


rating = {0}
}

@article{Burke:2001p2517,
author = {F J Burke and N H Wilson and S W Cheung and I A Mj{\"o}r}, 
journal = {J. Dent.},
title = {Influence of patient factors on age of restorations at failure and reasons for their placement and replacement},

affiliation = {University of Birmingham School of Dentistry, St. Chad's Queensway, Birmingham B4 6NN, UK. f.j.t.burke@bham.ac.uk},
number = {5},
pages = {317--24},
volume = {29},
year = {2001},
month = {Jul},
language = {eng},
keywords = {Retreatment, Dental Occlusion, Aged, Adolescent, Dental Caries Susceptibility, Oral Hygiene, Statistics: Nonparametric, Male, Child, Sex Factors, Great Britain, Dental Caries, Humans, Analysis of Variance, Female, Age Factors, Middle Aged, Dental Restoration Failure, Aged: 80 and over, Dental Restoration: Permanent, Adult}, 
date-added = {2010-11-24 22:10:27 -0300},
date-modified = {2011-01-21 14:19:53 -0300},
pii = {S0300-5712(01)00022-7},
pmid = {11472803},



rating = {0}
}

@article{Erickson:2008p24,
author = {D Erickson and S Mandal and AHJ Yang and B Cordovez}, 
journal = {Microflui. Nanoflui.},
title = {Nanobiosensors: optofluidic, electrical and mechanical approaches to biomolecular detection at the nanoscale},
number = {1},
pages = {33--52},
volume = {4},
year = {2008},
date-added = {2010-01-12 17:22:44 -0300},
date-modified = {2011-01-21 16:36:54 -0300},
pmid = {445192386381355081related:SRj43h2kLQYJ},


rating = {0}
}

@article{Andersen:2066p2592,
author = {Ebbe S Andersen and Mingdong Dong and Morten M Nielsen and Kasper Jahn and Ramesh Subramani and Wael Mamdouh and Monika M Golas and Bjoern Sander and Holger Stark and Cristiano L P Oliveira and Jan Skov Pedersen and Victoria Birkedal and Flemming Besenbacher and Kurt V Gothelf and J{\o}rgen Kjems}, 
journal = {Nature},
title = {Self-assembly of a nanoscale DNA box with a controllable lid},

number = {7243},
pages = {73--76},
volume = {459},
year = {2066},
month = {Feb},
date-added = {2011-01-27 15:58:35 -0300},
date-modified = {2011-01-27 15:58:35 -0300},
doi = {10.1038/nature07971},



rating = {0}
}

@article{deGroot:2001p662,
author = {P de Groot}, 
journal = {Opt. Eng.},
title = {Unusual techniques for absolute distance measurement},

year = {2001},
month = {Jan},
date-added = {2010-02-09 16:50:21 -0300},
date-modified = {2010-02-09 16:50:21 -0300},
pmid = {13850712544669199294related:vusN16ydN8AJ},



rating = {0}
}

@article{Mori:2005p37,
author = {D Mori and T Baba}, 
journal = {Opt. Express},
title = {Wideband and low dispersion slow light by chirped photonic crystal coupled waveguide},
number = {23},
pages = {9398--9408},
volume = {13},
year = {2005},
date-added = {2010-01-12 17:22:55 -0300},
date-modified = {2011-01-21 15:08:06 -0300},
pmid = {8953786540672842883related:g3x6Z2s9QnwJ},


rating = {0}
}

@article{Delage:2004p74,
author = {A Delage and S Bidnyk and Pavel Cheben and K Dossou and S Janz and B Lamontagne and M Packirisamy and DX Xu}, 
journal = {Proc. IEEE},
title = {Recent developments in integrated spectrometers},
volume = {2},
year = {2004},
date-added = {2010-01-12 17:22:54 -0300},
date-modified = {2011-01-21 16:11:01 -0300},
pmid = {3930121935960425184related:4ELk_BOZijYJ},


read = {Yes},
rating = {0}
}

@article{Hu:2007p118,
author = {J Hu and V Tarasov and A Agarwal and L Kimerling and N Carlie and L Petit and K Richardson}, 
journal = {Opt. Express},
title = {Fabrication and testing of planar chalcogenide waveguide integrated microfluidic sensor},
number = {5},
pages = {2307--2314},
volume = {15},
year = {2007},
date-added = {2010-01-12 17:22:51 -0300},
date-modified = {2011-01-21 15:08:06 -0300},
pmid = {7790160125195034689related:QaCpHVw1HGwJ},


rating = {0}
}

@article{Fried:2005p1836,
author = {Daniel Fried and John D B Featherstone and Cynthia L Darling and Robert S Jones and Patara Ngaotheppitak and Christopher M B{\"u}hler}, 
journal = {Dent. Clin. North. Am.},
title = {Early caries imaging and monitoring with near-infrared light},

affiliation = {Department of Preventive and Restorative Dental Sciences, University of California-San Francisco, 707 Parnassus Avenue, San Francisco, CA 94143, USA. dfried@itsa.ucsf.edu},
number = {4},
pages = {771--93, vi},
volume = {49},
year = {2005},
month = {Oct},
language = {eng},
keywords = {Severity of Illness Index, Infrared Rays, Dental Caries, Image Processing: Computer-Assisted, Dental Enamel, Tooth Demineralization, Transillumination, Humans, Light, Dentin, Dental Caries Activity Tests}, 
date-added = {2010-11-24 03:19:33 -0300},
date-modified = {2011-01-21 15:17:14 -0300},
doi = {10.1016/j.cden.2005.05.008},
pii = {S0011-8532(05)00035-2},
pmid = {16150316},



rating = {0}
}

@article{Hanks:1988p2379,
author = {C Hanks and R Craig and ML Diehl and DH Pashley}, 
journal = {J. Oral Pathol.},
title = {Cytotoxicity of dental composites and other materials in a new in vitro device},

year = {1988},
month = {Jan},
date-added = {2010-11-24 18:47:05 -0300},
date-modified = {2011-01-21 14:10:02 -0300},
pmid = {6802610631047049945related:2fLawFO6Z14J},


rating = {0}
}

@article{Douglas:2066p2598,
author = {Shawn M Douglas and Hendrik Dietz and Tim Liedl and Bj{\"o}rn H{\"o}gberg and Franziska Graf and William M Shih}, 
journal = {Nature},
title = {Self-assembly of DNA into nanoscale three-dimensional shapes},

number = {7245},
pages = {414--418},
volume = {459},
year = {2066},
month = {Feb},
date-added = {2011-01-27 16:16:04 -0300},
date-modified = {2011-01-27 16:16:04 -0300},
doi = {10.1038/nature08016},



rating = {0}
}

@article{Soljacic:2003p110,
author = {M Solja{\v c}i{\'c} and C Luo and JD Joannopoulos and S Fan}, 
journal = {Opt. Lett.},
title = {Nonlinear photonic crystal microdevices for optical integration},
number = {8},
pages = {637--639},
volume = {28},
year = {2003},
date-added = {2010-01-12 17:23:03 -0300},
date-modified = {2011-01-20 19:43:05 -0300},
pmid = {16029335200888200846related:jh6bKnCjc94J},


rating = {0}
}

@article{Chen:2008p1385,
author = {Long Chen and P Dong and Michal Lipson}, 
journal = {Opt. Express},
title = {High performance germanium photodetectors integrated on submicron silicon waveguides by low temperature wafer bonding},

year = {2008},
month = {Jan},
date-added = {2010-10-19 14:54:24 -0300},
date-modified = {2011-01-21 16:31:27 -0300},
pmid = {17870622929170652266related:atwqGN80AfgJ},



read = {Yes},
rating = {0}
}

@article{Rollins:1998p1700,
author = {A Rollins and S Yazdanfar and M Kulkarni and R Ung-Arunyawee and J Izatt}, 
journal = {Opt. Express},
title = {In vivo video rate optical coherence tomography},
number = {6},
pages = {219--229},
volume = {3},
year = {1998},
date-added = {2010-11-09 01:32:41 -0300},
date-modified = {2011-01-21 15:08:06 -0300},
pmid = {17762999870883896170related:ahtYKUXagvYJ},


read = {Yes},
rating = {0}
}

@article{Gondarenko:2009p80,
author = {A Gondarenko and JS Levy and Michal Lipson}, 
journal = {Opt. Express},
title = {High confinement micron-scale silicon nitride high Q ring resonator},
number = {14},
pages = {11366--11370},
volume = {17},
year = {2009},
date-added = {2010-01-12 17:22:50 -0300},
date-modified = {2011-01-21 16:31:27 -0300},
pmid = {12665172038465239329related:ITnus926w68J},


rating = {0}
}

@article{Weinstein:2009p43,
author = {J. A Weinstein and N Jiang and R. A White and D. S Fisher and S. R Quake}, 
journal = {Science},
title = {High-Throughput Sequencing of the Zebrafish Antibody Repertoire},
number = {5928},
pages = {807--810},
volume = {324},
year = {2009},
month = {May},
date-added = {2010-01-12 17:23:05 -0300},
date-modified = {2010-01-12 17:23:18 -0300},
doi = {10.1126/science.1170020},


rating = {0}
}

@article{Zhou:1994p125,
author = {J Zhou and N Park and KJ Vahala and MA Newkirk and BI Miller}, 
journal = {IEEE Photon. Technol. Lett.},
title = {Four-wave mixing wavelength conversion efficiency in semiconductor traveling-wave amplifiers measured to 65 nm of wavelength shift},
number = {8},
pages = {984--987},
volume = {6},
year = {1994},
date-added = {2010-01-12 17:23:17 -0300},
date-modified = {2010-01-12 17:26:16 -0300},
pmid = {7330339557561966781related:vaB5Y_2YumUJ},


rating = {0}
}

@article{Ckopf:2003p1720,
author = {Ckopf}, 
title = {91 Science Optical Coherence Tomography},
pages = {1--4},
year = {2003},
month = {Jan},
date-added = {2010-11-09 01:32:18 -0300},
date-modified = {2010-11-09 01:32:50 -0300},


rating = {0}
}

@article{Chua:2002p1750,
author = {L Chua}, 
journal = {IEEE Trans. Circ. Theor.},
title = {Memristor-the missing circuit element},
number = {5},
pages = {507--519},
volume = {18},
year = {2002},
date-added = {2010-11-09 13:12:06 -0300},
date-modified = {2011-01-21 14:37:22 -0300},
pmid = {70328425357968056related:uAITi1Tb-QAJ},


rating = {0}
}

@article{Brandon:2011p2582,
author = {J Brandon}, 
title = {Design and Analysis of a Gossip Algorithm},
date-added = {2010-12-09 18:24:56 -0300},
date-modified = {2010-12-09 18:25:09 -0300},
pmid = {related:w4rz0w55BY4J},


rating = {0}
}

@article{Varasi:1996p5,
author = {M Varasi and M Signorazzi and A Vannucci and J Dunphy}, 
journal = {Meas. Sci. Technol.},
title = {A high-resolution integrated optical spectrometer with applications to fibre sensor signal processing},
pages = {173--178},
volume = {7},
year = {1996},
date-added = {2010-01-12 17:23:04 -0300},
date-modified = {2010-01-12 17:32:51 -0300},
pmid = {7746399408204373401related:mV1RNji9gGsJ},


rating = {0}
}

@article{Kikuta:1986p661,
author = {H Kikuta and K Iwata and R Nagata}, 
journal = {Appl. Opt.},
title = {Distance measurement by the wavelength shift of laser diode light},

year = {1986},
month = {Jan},
date-added = {2010-02-09 15:34:09 -0300},
date-modified = {2010-02-09 15:34:09 -0300},
pmid = {13430073513623137129related:aavjfrQ0YboJ},



rating = {0}
}

@article{Schmitt:1999p1692,
author = {JM Schmitt and SH Xiang and KM Yung}, 
journal = {J. Biomed. Opt.},
title = {Speckle in optical coherence tomography},
pages = {95},
volume = {4},
year = {1999},
date-added = {2010-11-09 01:32:41 -0300},
date-modified = {2011-01-20 19:45:32 -0300},
pmid = {2311795002206801034related:ikwPXE4lFSAJ},


rating = {0}
}

@article{Chowdhury:2000p56,
author = {D Chowdhury and C Inc}, 
journal = {IEEE J. Sel.Top. Quant.},
title = {Design of low-loss and polarization-insensitive reflectiongrating-based planar demultiplexers},
number = {2},
pages = {233--239},
volume = {6},
year = {2000},
date-added = {2010-01-12 17:22:41 -0300},
date-modified = {2010-01-12 18:18:04 -0300},
pmid = {1608428777745646555related:24MLmHNJUhYJ},


rating = {0}
}

@article{Shi:2003p121,
author = {Z Shi and JJ He and S He}, 
journal = {J. Lightwave Tech.},
title = {An analytic method for designing passband flattened DWDM demultiplexers using spatial phase modulation},
number = {10},
pages = {2314},
volume = {21},
year = {2003},
date-added = {2010-01-12 17:23:02 -0300},
date-modified = {2011-01-20 19:45:24 -0300},
pmid = {17015601192113787098related:2tCntyGPI-wJ},


rating = {0}
}

@article{Shi:2005p130,
author = {Z Shi and JJ He and S He}, 
journal = {J. Lightwave Tech.},
title = {A hybrid diffraction method for the design of etched diffraction grating demultiplexers},
number = {3},
pages = {1426},
volume = {23},
year = {2005},
date-added = {2010-01-12 17:23:02 -0300},
date-modified = {2011-01-20 19:45:24 -0300},
pmid = {4656190897993386571related:S4pNwfMcnkAJ},


rating = {0}
}

@article{Strukov:2008p1751,
author = {DB Strukov and GS Snider and DR Stewart and RS Williams}, 
journal = {Nature},
title = {The missing memristor found},
number = {7191},
pages = {80--83},
volume = {453},
year = {2008},
date-added = {2010-11-09 13:13:07 -0300},
date-modified = {2010-11-09 13:13:16 -0300},
pmid = {8087185528571131768related:eHcp92N0O3AJ},


rating = {0}
}

@article{Brouckaert:2008p108,
author = {J Brouckaert and W Bogaerts and S Selvaraja and P Dumon and Roel G Baets and D Van Thourhout}, 
journal = {IEEE Photon. Technol. Lett.},
title = {Planar concave grating demultiplexer with high reflective Bragg reflector facets},
number = {4},
pages = {309},
volume = {20},
year = {2008},
date-added = {2010-01-12 17:22:41 -0300},
date-modified = {2010-11-26 23:29:10 -0300},
pmid = {1716208007427198740related:FA9hAxcy0RcJ},


read = {Yes},
rating = {0}
}

@article{Orcutt:2010p1767,
author = {JS Orcutt and RJ Ram}, 
journal = {IEEE Photon. Technol. Lett.},
title = {Photonic Device Layout Within the Foundry CMOS Design Environment},
number = {8},
pages = {544--546},
volume = {22},
year = {2010},
date-added = {2010-11-17 17:11:26 -0300},
date-modified = {2011-01-21 15:55:35 -0300},
pmid = {9842209161984477967related:DwsuKRaNlogJ},


read = {Yes},
rating = {0}
}

@article{Giles:2003p2603,
author = {MB Giles and MC Duta and JD Muller and NA Pierce}, 
journal = {AIAA journal},
title = {Algorithm developments for discrete adjoint methods},
number = {2},
pages = {198--205},
volume = {41},
year = {2003},
date-added = {2011-01-27 17:04:13 -0300},
date-modified = {2011-01-27 17:04:46 -0300},
pmid = {10336349895514669090related:IkBMNHcXco8J},


rating = {0}
}

@article{Swanson:1993p1733,
author = {EA Swanson and JA Izatt and MR Hee and D Huang and CP Lin and JS Schuman and CA Puliafito and James G Fujimoto}, 
journal = {Opt. Lett.},
title = {In vivo retinal imaging by optical coherence tomography},
number = {21},
pages = {1864--1866},
volume = {18},
year = {1993},
date-added = {2010-11-09 01:32:18 -0300},
date-modified = {2011-01-20 19:43:05 -0300},
pmid = {2139849124526074247related:h6lO_HBFsh0J},


read = {Yes},
rating = {0}
}

@article{Feldkamp:1984p2585,
author = {LA Feldkamp and LC Davis and JW Kress}, 
journal = {J. Opt. Soc. Am. A},
title = {Practical cone-beam algorithm},
number = {6},
pages = {612--619},
volume = {1},
year = {1984},
date-added = {2010-12-13 09:13:47 -0300},
date-modified = {2011-01-21 14:10:24 -0300},
pmid = {6909491151345637910related:FlqpFphx418J},


rating = {0}
}

@article{Bogaerts:2006p26,
author = {W Bogaerts and P Dumon and D Van Thourhout and D Taillaert and P Jaenen and J Wouters and S Beckx and V Wiaux and Roel G Baets}, 
journal = {IEEE J. Sel.Top. Quant.},
title = {Compact wavelength-selective functions in silicon-on-insulator photonic wires},
number = {6},
pages = {1394},
volume = {12},
year = {2006},
date-added = {2010-01-12 17:23:03 -0300},
date-modified = {2010-11-26 23:29:10 -0300},
pmid = {8016066479762840488related:qBsuDv7JPm8J},


rating = {0}
}

@article{Barnard:1993p1128,
author = {T Barnard and M Crockett and J Ivaldi}, 
journal = {Anal. Chem.},
title = {Design and evaluation of an echelle grating optical system for ICP-OES},

year = {1993},
month = {Jan},
date-added = {2010-08-23 23:41:11 -0300},
date-modified = {2011-01-21 14:32:34 -0300},
pmid = {8504396140744747864related:WCtLVjuvBXYJ},



read = {Yes},
rating = {0}
}

@article{Nitkowski:2008p58,
author = {A Nitkowski and Long Chen and Michal Lipson}, 
journal = {Opt. Express},
title = {Cavity-enhanced on-chip absorption spectroscopy using microring resonators},
number = {16},
pages = {11930--11936},
volume = {16},
year = {2008},
date-added = {2010-01-12 17:22:55 -0300},
date-modified = {2011-01-21 16:31:27 -0300},
pmid = {14372009427471822643related:M-8FmW2ic8cJ},


rating = {0}
}

@article{Cheng:1984p279,
author = {Y Cheng and J Wyant}, 
journal = {Appl. Opt.},
title = {Two-wavelength phase shifting interferometry},

year = {1984},
month = {Jan},
date-added = {2010-01-19 21:39:28 -0300},
date-modified = {2010-01-19 21:39:28 -0300},
pmid = {8158920863640388821related:1QTPM0xPOnEJ},



read = {Yes},
rating = {0}
}

@article{Wojtkowski:2002p1704,
author = {M Wojtkowski and Rainer A Leitgeb and A Kowalczyk and T Bajraszewski and A. F Fercher}, 
journal = {J. Biomed. Opt.},
title = {In vivo human retinal imaging by Fourier domain optical coherence tomography},
pages = {457},
volume = {7},
year = {2002},
date-added = {2010-11-09 01:32:47 -0300},
date-modified = {2011-01-20 19:45:32 -0300},
pmid = {3214083398012675682related:YqYGUdK3miwJ},


read = {Yes},
rating = {0}
}

@article{Cocorullo:2002p1594,
author = {G Cocorullo and F Della Corte and M Iodice}, 
journal = {IEEE Trans. Electron Devices},
title = {A temperature all-silicon micro-sensor based on the thermo-optic effect},

year = {2002},
month = {Jan},
date-added = {2010-10-28 11:44:20 -0300},
date-modified = {2011-01-21 15:24:05 -0300},
pmid = {15653134497260374229related:1QieMuQaO9kJ},



read = {Yes},
rating = {0}
}

@article{Strasswimmer:2004p1721,
author = {John Strasswimmer and Mark C Pierce and BH Park and V Neel and Johannes F De Boer}, 
journal = {J. Biomed. Opt.},
title = {Polarization-sensitive optical coherence tomography of invasive basal cell carcinoma},
pages = {292},
volume = {9},
year = {2004},
date-added = {2010-11-09 01:32:45 -0300},
date-modified = {2011-01-20 19:45:32 -0300},
pmid = {4887907620620418352related:MD0BbhVW1UMJ},


read = {Yes},
rating = {0}
}

@article{Cheben:2005p1598,
author = {Pavel Cheben and I Powell and S Janz and DX Xu}, 
journal = {Opt. Lett.},
title = {Wavelength-dispersive device based on a Fourier-transform Michelson-type arrayed waveguide grating},
number = {14},
pages = {1824--1826},
volume = {30},
year = {2005},
date-added = {2010-10-28 12:27:22 -0300},
date-modified = {2011-01-20 19:43:05 -0300},
pmid = {7019622836594099869related:nUZpQMe1amEJ},


rating = {0}
}

@article{Zadeh:2010p2599,
author = {Joseph N Zadeh and Brian R Wolfe and Niles A Pierce}, 
journal = {J. Comput. Chem.},
title = {Nucleic acid sequence design via efficient ensemble defect optimization},
number = {3},
pages = {439--452},
volume = {32},
year = {2010},
month = {Aug},
date-added = {2011-01-27 16:58:54 -0300},
date-modified = {2011-01-27 16:58:54 -0300},
doi = {10.1002/jcc.21633},


rating = {0}
}

@article{Alex:2005p1695,
author = {CTK Alex and M Hewko and L Leonardi and MG Sowa and CCS Dong and P Williams and B Cleghorn}, 
journal = {J. Biomed. Opt.},
title = {Ex vivo detection and characterization of early dental caries by optical coherence tomography and Raman spectroscopy},
pages = {031118},
volume = {10},
year = {2005},
date-added = {2010-11-09 01:32:32 -0300},
date-modified = {2011-01-20 19:45:32 -0300},
pmid = {5868609344682604528related:8DdYExt9cVEJ},


rating = {0}
}

@article{Bock:1956p785,
author = {RM Bock and Nan-Sing Ling and SA Morell and SH Lipton}, 
journal = {Arch. Biochem. Biophys.},
title = {Ultraviolet absorption spectra of adenosine-5'-triphosphate and related 5'- {\ldots}},

year = {1956},
month = {Jan},
date-added = {2010-02-20 22:45:36 -0300},
date-modified = {2010-11-26 22:34:56 -0300},
pmid = {7233446072551416162related:YiFf6OBcYmQJ},



rating = {0}
}

@article{Kneipp:1999p20,
author = {K Kneipp and H Kneipp and I Itzkan and RR Dasari and MS Feld}, 
journal = {Chem. Rev.},
title = {Ultrasensitive chemical analysis by Raman spectroscopy},
number = {10},
pages = {2957--2976},
volume = {99},
year = {1999},
date-added = {2010-01-12 17:22:52 -0300},
date-modified = {2011-01-21 14:34:03 -0300},
pmid = {15542009119749289582related:braJBvNOsNcJ},


rating = {0}
}

@article{He:2008p2596,
author = {Yu He and Tao Ye and Min Su and Chuan Zhang and Alexander E Ribbe and Wen Jiang and Chengde Mao}, 
journal = {Nature},
title = {Hierarchical self-assembly of DNA into symmetric supramolecular polyhedra},
number = {7184},
pages = {198--201},
volume = {452},
year = {2008},
month = {Mar},
date-added = {2011-01-27 16:00:52 -0300},
date-modified = {2011-01-27 16:00:52 -0300},
doi = {10.1038/nature06597},


rating = {0}
}

@article{SYegnanarayanan:2009p779,
author = {S Yegnanarayanan and A Eftekhar and A Adibi}, 
journal = {CLEO},
title = {Optimization of Metallic Micro-Heaters for Reconfigurable Silicon Photonics},

year = {2009},
month = {Jan},
date-added = {2010-02-20 07:11:44 -0300},
date-modified = {2011-01-21 16:38:42 -0300},



read = {Yes},
rating = {0}
}

@article{Bois:2005p2601,
author = {J. S Bois}, 
journal = {Nucleic Acids Research},
title = {Topological constraints in nucleic acid hybridization kinetics},
number = {13},
pages = {4090--4095},
volume = {33},
year = {2005},
month = {Jul},
date-added = {2011-01-27 17:04:09 -0300},
date-modified = {2011-01-27 17:04:13 -0300},
doi = {10.1093/nar/gki721},


rating = {0}
}

@article{Fercher:1985p230,
author = {A. F Fercher and HZ Hu and U Vry}, 
journal = {Appl. Opt.},
title = {Rough surface interferometry with a two-wavelength heterodyne speckle interferometer},
number = {14},
pages = {2181--2188},
volume = {24},
year = {1985},
date-added = {2010-01-19 20:58:52 -0300},
date-modified = {2010-12-03 08:20:24 -0300},
pmid = {6787949230183612427related:CwB7WtyjM14J},


read = {Yes},
rating = {0}
}

@article{Almeida:2003p1623,
author = {Vilson R Almeida and RR Panepucci and Michal Lipson}, 
journal = {Opt. Lett.},
title = {Nanotaper for compact mode conversion},
number = {15},
pages = {1302--1304},
volume = {28},
year = {2003},
date-added = {2010-10-28 15:58:41 -0300},
date-modified = {2011-01-21 16:31:27 -0300},
pmid = {15095187294784027727related:T3yX693gfNEJ},


rating = {0}
}

@article{Servel:2000p849,
author = {G Servel and D Deschacht}, 
journal = {Proc. IEEE},
title = {On-chip crosstalk evaluation between adjacent interconnections},

year = {2000},
month = {Jan},
date-added = {2010-08-23 17:28:12 -0300},
date-modified = {2011-01-21 16:07:20 -0300},
pmid = {18407845999120023340related:LP-kQWjOdf8J},



read = {Yes},
rating = {0}
}

@article{Dinu:2003p1592,
author = {M Dinu and F Quochi and H Garcia}, 
journal = {Appl. Phys. Lett.},
title = {Third-order nonlinearities in silicon at telecom wavelengths},
number = {18},
pages = {2954--2956},
volume = {82},
year = {2003},
date-added = {2010-10-28 11:17:15 -0300},
date-modified = {2010-10-28 11:32:48 -0300},
pmid = {13014009904922078076related:fKtLrg4Nm7QJ},


read = {Yes},
rating = {0}
}

@article{Negrutiu:2009p2189,
author = {M Negrutiu and C Sinescu and M Rominu and Michael Hughes and George Dobre and Adrian G Podoleanu}, 
journal = {Proc. SPIE},
title = {Optical coherence tomography and confocal microscopy investigations of dental structures and restoration materials},

year = {2009},
month = {Jan},
date-added = {2010-11-24 16:41:58 -0300},
date-modified = {2011-01-21 14:49:57 -0300},


rating = {0}
}

@article{Fujimoto:2003p2381,
author = {James G Fujimoto}, 
journal = {Nat. Biotechnol.},
title = {Optical coherence tomography for ultrahigh resolution in vivo imaging},

year = {2003},
month = {Jan},
date-added = {2010-11-24 21:36:19 -0300},
date-modified = {2011-01-21 14:26:30 -0300},
pmid = {16753974684026190048related:4LhEcTUTgugJ},



read = {Yes},
rating = {0}
}

@article{Choma:2003p1702,
author = {Michael A Choma and M Sarunic and C Yang and J Izatt}, 
journal = {Opt. Express},
title = {Sensitivity advantage of swept source and Fourier domain optical coherence tomography},
number = {18},
pages = {2183--2189},
volume = {11},
year = {2003},
date-added = {2010-11-09 01:32:21 -0300},
date-modified = {2011-01-21 15:08:06 -0300},
pmid = {13250408670067580699related:G18iVHvo4rcJ},


rating = {0}
}

@article{Guha:2010p844,
author = {B Guha and Bernardo B C Kyotoku and Michal Lipson}, 
journal = {CLEO},
title = {CMOS-compatible temperature insensitive silicon microring resonators},

year = {2010},
month = {Jan},
date-added = {2010-06-11 10:28:09 -0300},
date-modified = {2011-01-21 16:38:42 -0300},



read = {Yes},
rating = {0}
}

@article{Potter:1962p1316,
author = {R Potter and W Eisenman}, 
journal = {Appl. Opt.},
title = {Infrared photodetectors: a review of operational detectors},

year = {1962},
month = {Jan},
date-added = {2010-10-19 14:47:40 -0300},
date-modified = {2011-01-20 19:38:46 -0300},
pmid = {10920835846107115829related:NTGRSVeajpcJ},



rating = {0}
}

@article{Chang:2008p2615,
author = {F Chang and J Dean and S Ghemawat and W.C Hsieh and D.A Wallach and M Burrows and T Chandra and A Fikes and R.E Gruber}, 
journal = {ACM Transactions on Computer Systems (TOCS)},
title = {Bigtable: A distributed storage system for structured data},
number = {2},
pages = {1--26},
volume = {26},
year = {2008},
date-added = {2011-02-22 01:10:42 -0300},
date-modified = {2011-02-22 01:11:02 -0300},
pmid = {17617703893769980559related:jwotSlmofvQJ},


rating = {0}
}

@book{Palmer:2005p471,
author = {C Palmer and E Loewen}, 
title = {Diffraction grating handbook},
year = {2005},
date-added = {2010-01-20 11:16:18 -0300},
date-modified = {2010-01-20 11:16:34 -0300},
pmid = {9726057124045919006related:HhPqZ2zl-YYJ},


read = {Yes},
rating = {0}
}

@article{Bouma:2002p2007,
author = {Brett E Bouma and G J Tearney}, 
journal = {Informa Healthcare},
title = {Handbook of Optical Coherence Tomography},

year = {2002},
month = {Jan},
date-added = {2010-11-24 15:24:49 -0300},
date-modified = {2011-01-21 15:31:48 -0300},
pmid = {17447565615740565217related:4TaJgXw0IvIJ},



read = {Yes},
rating = {0}
}

@article{Rativa:2008p53,
author = {D Rativa and Anderson S L Gomes and S Wachsmann-Hogiu and DL Farkas and RE de Araujo}, 
journal = {J. Fluoresc.},
title = {Nonlinear Excitation of Tryptophan Emission Enhanced by Silver Nanoparticles},
number = {6},
pages = {1151--1155},
volume = {18},
year = {2008},
date-added = {2010-01-12 17:23:00 -0300},
date-modified = {2011-04-05 21:13:27 -0300},
pmid = {9089203117053955025related:0ctfCxRWI34J},


rating = {0}
}

@article{Ellis:2006p27,
author = {DI Ellis and R Goodacre}, 
journal = {The Analyst},
title = {Metabolic fingerprinting in disease diagnosis: biomedical applications of infrared and Raman spectroscopy},
number = {8},
pages = {875--885},
volume = {131},
year = {2006},
date-added = {2010-01-12 17:22:42 -0300},
date-modified = {2010-01-12 17:24:11 -0300},
pmid = {10688323166920963386related:OvXmiEqNVJQJ},


read = {Yes},
rating = {0}
}

@article{Kyotoku:2006p153,
author = {Bernardo B C Kyotoku and Anderson S L Gomes}, 
journal = {lakh.unm.edu},
title = {Desenvolvimento de um sistema de imageamento usando a tomografia por {\ldots}},

year = {2006},
month = {Jan},
date-added = {2010-01-13 13:52:37 -0300},
date-modified = {2011-04-05 21:13:27 -0300},



read = {Yes},
rating = {0}
}

@article{Miller:1997p470,
author = {D Miller and H Ozaktas}, 
journal = {J. Parallel. Distrib. Comput.},
title = {{\ldots} bit-rate capacity of electrical interconnects from the aspect ratio of the system {\ldots}},

year = {1997},
month = {Jan},
date-added = {2010-01-19 23:58:51 -0300},
date-modified = {2011-01-21 16:00:56 -0300},
pmid = {4280284253919741481related:KYaV3NmfZjsJ},



read = {Yes},
rating = {0}
}

@article{Fonseca:2010p794,
author = {Deborah Fons{\^e}ca and Bernardo B C Kyotoku}, 
journal = {Int. J. Paediatr. Dent.},
title = {Characterization of enamel in primary teeth by optical coherence tomography for {\ldots}},

year = {2010},
month = {Jan},
date-added = {2010-04-08 15:03:00 -0300},
date-modified = {2011-03-22 18:57:23 -0300},
pmid = {related:IYLUxLAIAe4J},


rating = {0}
}

@article{Baumann:2007p775,
author = {B Baumann and M Pircher and G Erich}, 
journal = {Opt. Express},
title = {Full range complex spectral domain optical coherence tomography without additional phase shifters},

year = {2007},
month = {Jan},
date-added = {2010-02-09 18:06:55 -0300},
date-modified = {2011-01-21 15:08:06 -0300},
pmid = {related:j66FyKJS2WcJ},



read = {Yes},
rating = {0}
}

@article{ChooSmith:2008p1834,
author = {Lin-P'ing Choo-Smith and Cecilia C S Dong and Blaine Cleghorn and Mark Hewko}, 
journal = {J. Can. Dent. Assoc.},
title = {Shedding new light on early caries detection},

affiliation = {National Research Council Canada Institute for Biodiagnostics, Manitoba. Lin-Ping.Choo-Smith@nrc-cnrc.gc.ca},
number = {10},
pages = {913--8},
volume = {74},
year = {2008},
month = {Dec},
language = {eng},
keywords = {Early Diagnosis, Spectrum Analysis: Raman, Tomography: Optical Coherence, Sensitivity and Specificity, Dental Caries, Humans}, 
date-added = {2010-11-24 03:15:56 -0300},
date-modified = {2011-01-21 14:22:57 -0300},
pmid = {19126361},



rating = {0}
}

@article{White:2000p2224,
author = {S White and MJ Pharoah}, 
journal = {lavoisier.fr},
title = {Oral radiology: principles and interpretation},

year = {2000},
month = {Jan},
date-added = {2010-11-24 17:02:40 -0300},
date-modified = {2010-11-26 22:46:57 -0300},
pmid = {2260131083192855403related:a2uH1z6ZXR8J},


rating = {0}
}

@article{Oppenheim:2010p1831,
author = {J Oppenheim and S Wehner}, 
journal = {Science},
title = {The Uncertainty Principle Determines the Nonlocality of Quantum Mechanics},

year = {2010},
month = {Jan},
date-added = {2010-11-23 01:09:55 -0300},
date-modified = {2011-01-21 14:45:46 -0300},



read = {Yes},
rating = {0}
}

@article{Yang:2007p13,
author = {W Yang and DB Conkey and B Wu and D Yin and AR Hawkins and H Schmidt}, 
journal = {Nat. Photonics},
title = {Atomic spectroscopy on a chip},
number = {6},
pages = {331--335},
volume = {1},
year = {2007},
date-added = {2010-01-12 17:23:13 -0300},
date-modified = {2011-01-20 19:44:28 -0300},
pmid = {14768187249601976227related:o5f67A4k88wJ},


rating = {0}
}

@article{Chabinyc:1993p113,
author = {ML Chabinyc and DT Chiu and JC McDonald and AD Stroock and JF Christian and AM Karger and GM Whitesides}, 
journal = {Science},
title = {An integrated fluorescence detection system in poly (dimethylsiloxane) for microfluidic applications},
pages = {895--897},
volume = {261},
year = {1993},
date-added = {2010-01-12 17:22:41 -0300},
date-modified = {2010-01-12 18:19:27 -0300},
pmid = {12821142469332325712related:UFU6gyXZ7bEJ},


rating = {0}
}

@article{Targowski:2005p1741,
author = {P Targowski and I Gorczynska and M Szkulmowski and M Wojtkowski and A Kowalczyk}, 
journal = {Opt. Commun.},
title = {Improved complex spectral domain OCT for in vivo eye imaging},
number = {1-3},
pages = {357--362},
volume = {249},
year = {2005},
date-added = {2010-11-09 11:34:08 -0300},
date-modified = {2011-01-21 15:08:39 -0300},
pmid = {6494858697491735547related:--NZ-pJfIloJ},


read = {Yes},
rating = {0}
}

@article{Horst:2009p1764,
author = {F Horst and WMJ Green and BJ Offrein and YA Vlasov}, 
journal = {IEEE Photon. Technol. Lett.},
title = {Silicon-on-insulator Echelle grating WDM demultiplexers with two stigmatic points},
number = {23},
pages = {1743--1745},
volume = {21},
year = {2009},
date-added = {2010-11-09 13:18:40 -0300},
date-modified = {2011-01-21 15:55:35 -0300},
pmid = {7980507963022280007related:R4Uet7V1wG4J},


read = {Yes},
rating = {0}
}

@article{Soref:1987p1492,
author = {R Soref and B Bennett}, 
journal = {IEEE J. Quantum Elect.},
title = {Electrooptical effects in silicon},
number = {1},
pages = {123--129},
volume = {23},
year = {1987},
date-added = {2010-10-28 10:40:22 -0300},
date-modified = {2010-10-28 10:40:52 -0300},
pmid = {15916479785433154949related:hcVtJQmy4twJ},


read = {Yes},
rating = {0}
}

@article{Jones:2003p2524,
author = {Robert Jones and Gigi Huynh and Graham Jones and Daniel Fried}, 
journal = {Opt. Express},
title = {Near-infrared transillumination at 1310-nm for the imaging of early dental decay},

number = {18},
pages = {2259--65},
volume = {11},
year = {2003},
month = {Sep},
language = {eng},
date-added = {2010-11-24 22:26:12 -0300},
date-modified = {2011-01-21 15:08:06 -0300},
pii = {78798},
pmid = {19466117},



rating = {0}
}

@article{Chinn:1981p50,
author = {JD Chinn and I Adesida and ED Wolf and RC Tiberio}, 
journal = {J. Sci. Vac. Technol.},
title = {Reactive ion etching for submicron structures},
pages = {1418},
volume = {19},
year = {1981},
date-added = {2010-01-12 17:23:04 -0300},
date-modified = {2010-11-26 23:28:29 -0300},
pmid = {17969201904102251732related:1JxJR-1tX_kJ},


read = {Yes},
rating = {0}
}

@article{Choma:2005p1724,
author = {Michael A Choma and Kevin Hsu and Joseph A Izatt}, 
journal = {J. Biomed. Opt.},
title = {Swept source optical coherence tomography using an all-fiber 1300-nm ring laser source},

pages = {4009},
volume = {10},
year = {2005},
month = {Jan},
date-added = {2010-11-09 01:32:21 -0300},
date-modified = {2011-01-20 19:45:32 -0300},
doi = {10.1117/1.1961474},
pmid = {2005JBO....10d4009C},



read = {Yes},
rating = {0}
}

@article{Fujibayashi:2007p2597,
author = {K Fujibayashi and R Hariadi and SH Park and E Winfree and S Murata}, 
journal = {Nano letters},
title = {Toward reliable algorithmic self-assembly of DNA tiles: a fixed-width cellular automaton pattern},
number = {7},
pages = {1791--1797},
volume = {8},
year = {2007},
date-added = {2011-01-27 16:03:20 -0300},
date-modified = {2011-01-27 16:04:06 -0300},
pmid = {13826726263330180580related:5A1chEdm4r8J},


rating = {0}
}

@article{Park:2001p1689,
author = {BH Park and C Saxer and SM Srinivas and JS Nelson and Johannes F De Boer}, 
journal = {J. Biomed. Opt.},
title = {In vivo burn depth determination by high-speed fiber-based polarization sensitive optical coherence tomography},
pages = {474},
volume = {6},
year = {2001},
date-added = {2010-11-09 01:32:36 -0300},
date-modified = {2011-01-20 19:45:32 -0300},
pmid = {16965596945912156648related:6NGL44jocesJ},


rating = {0}
}

@article{Bock:2008p9,
author = {PJ Bock and Pavel Cheben and A Delage and JH Schmid and DX Xu and S Janz and TJ Hall}, 
journal = {Opt. Express},
title = {Demultiplexer with blazed waveguide sidewall grating and sub-wavelength grating structure},
number = {22},
pages = {17616--17625},
volume = {16},
year = {2008},
date-added = {2010-01-12 17:22:41 -0300},
date-modified = {2011-01-21 15:08:06 -0300},
pmid = {3658963478393472572related:PEbFx-U_xzIJ},


read = {Yes},
rating = {0}
}

@article{Winzer:1984p54,
author = {G Winzer}, 
journal = {J. Lightwave Tech.},
title = {Wavelength multiplexing components--A review of single-mode devices and their applications},
number = {4},
pages = {369--378},
volume = {2},
year = {1984},
date-added = {2010-01-12 17:23:05 -0300},
date-modified = {2011-01-20 19:45:24 -0300},
pmid = {2021072090131576526related:zra_nVtKDBwJ},


rating = {0}
}

@article{Velzel:1976p67,
author = {CHF Velzel}, 
journal = {J. Opt. Soc. Am.},
title = {A general theory of the aberrations of diffraction gratings and gratinglike optical instruments},
number = {4},
pages = {346--353},
volume = {66},
year = {1976},
date-added = {2010-01-12 17:23:04 -0300},
date-modified = {2010-01-12 17:32:29 -0300},
pmid = {14089349020727526201related:OUP2KElsh8MJ},


rating = {0}
}

@article{Tearney:1996p2052,
author = {G J Tearney and S A Boppart and Brett E Bouma and M E Brezinski and NJ Weissman and JF Southern and James G Fujimoto}, 
journal = {Opt. Express},
title = {Scanning single-mode fiber optic catheter-endoscope for optical coherence tomography},

year = {1996},
month = {Jan},
date-added = {2010-11-24 15:28:40 -0300},
date-modified = {2011-01-21 15:08:06 -0300},
pmid = {5270098470765689407related:P3pREaMmI0kJ},



read = {Yes},
rating = {0}
}

@article{Moger:2004p1717,
author = {J Moger and SJ Matcher and CP Winlove and A Shore}, 
journal = {J. Biomed. Opt.},
title = {Measuring red blood cell flow dynamics in a glass capillary using Doppler optical coherence tomography and Doppler amplitude optical coherence tomography},
pages = {982},
volume = {9},
year = {2004},
date-added = {2010-11-09 01:32:35 -0300},
date-modified = {2011-01-20 19:45:32 -0300},
pmid = {10701350301044586295related:NzfIjmbVgpQJ},


rating = {0}
}

@article{Jones:2004p1696,
author = {RS Jones and M Staninec and Daniel Fried}, 
journal = {J. Biomed. Opt.},
title = {Imaging artificial caries under composite sealants and restorations},
pages = {1297},
volume = {9},
year = {2004},
date-added = {2010-11-09 01:32:30 -0300},
date-modified = {2011-01-20 19:45:32 -0300},
pmid = {9428447960829162826related:SnV6YHeT2IIJ},


rating = {0}
}

@article{Bachmann:2006p1691,
author = {A Bachmann and Rainer A Leitgeb and T Lasser}, 
journal = {Opt. Express},
title = {Heterodyne Fourier domain optical coherence tomography for full range probing with high axial resolution},
number = {4},
pages = {1487--1496},
volume = {14},
year = {2006},
date-added = {2010-11-09 01:32:18 -0300},
date-modified = {2011-01-21 15:08:06 -0300},
pmid = {14017953817068234632related:iOcu8LnGicIJ},


read = {Yes},
rating = {0}
}

@article{Wu:2009p97,
author = {AR Wu and JB Hiatt and R Lu and JL Attema and NA Lobo and IL Weissman and MF Clarke and S. R Quake}, 
journal = {Lab on a Chip},
title = {Automated microfluidic chromatin immunoprecipitation from 2,000 cells},
number = {10},
pages = {1365--1370},
volume = {9},
year = {2009},
date-added = {2010-01-12 17:23:06 -0300},
date-modified = {2010-11-26 23:32:36 -0300},
pmid = {related:noZs4Cg-JX8J},


read = {Yes},
rating = {0}
}

@article{Brouckaert:2007p82,
author = {J Brouckaert and W Bogaerts and P Dumon and D Van Thourhout and Roel G Baets}, 
journal = {J. Lightwave Tech.},
title = {Planar concave grating demultiplexer fabricated on a nanophotonic silicon-on-insulator platform},
number = {5},
pages = {1269--1275},
volume = {25},
year = {2007},
date-added = {2010-01-12 17:22:41 -0300},
date-modified = {2011-01-20 19:45:24 -0300},
pmid = {16275657644941291930related:mrGYXGXA3uEJ},


rating = {0}
}

@article{Hall:2004p1838,
author = {A Hall and J M Girkin}, 
journal = {J. Dent. Res.},
title = {A review of potential new diagnostic modalities for caries lesions},

affiliation = {Glasgow Dental Hospital {\&} School, Adult Dental Care, Glasgow University, 378 Sauchiehall St., Glasgow G2 3JZ, UK. a.hall@dental.gla.ac.uk},
pages = {C89--94},
volume = {83 Spec No C},
year = {2004},
month = {Jan},
language = {eng},
keywords = {Thermography, Fluorescence, Diagnostic Imaging, Dental Caries, Humans, Electromagnetic Fields, Tomography: Optical Coherence, Microscopy: Fluorescence: Multiphoton}, 
date-added = {2010-11-24 03:18:21 -0300},
date-modified = {2011-01-21 14:19:33 -0300},
pii = {83/suppl_1/C89},
pmid = {15286130},



rating = {0}
}

@article{Wang:2007p771,
author = {R Wang}, 
journal = {Appl. Phys. Lett.},
title = {In vivo full range complex Fourier domain optical coherence tomography},

year = {2007},
month = {Jan},
date-added = {2010-02-09 17:31:30 -0300},
date-modified = {2011-01-20 19:38:52 -0300},
pmid = {4915718912128875110related:ZnocVU4kOEQJ},



read = {Yes},
rating = {0}
}

@article{Rowland:1883p38,
author = {HA Rowland}, 
journal = {Philos. Mag.},
title = {On concave gratings for optical purposes},
number = {99},
pages = {197--210},
volume = {16},
year = {1883},
date-added = {2010-01-12 17:22:52 -0300},
date-modified = {2011-01-21 14:58:41 -0300},
pmid = {3471353123068512390related:hghx_kW5LDAJ},


read = {Yes},
rating = {0}
}

@article{Stren:2005p1690,
author = {T St{\o}ren and A R{\o}yset and LO Svaasand and T Lindmo}, 
journal = {J. Biomed. Opt.},
title = {Functional imaging of dye concentration in tissue phantoms by spectroscopic optical coherence tomography},
pages = {024037},
volume = {10},
year = {2005},
date-added = {2010-11-09 01:32:44 -0300},
date-modified = {2011-01-20 19:45:32 -0300},
pmid = {12241732365498925175related:d0D3GLpe46kJ},


read = {Yes},
rating = {0}
}

@article{Florjanczyk:2007p1602,
author = {M Florjanczyk and Pavel Cheben and S Janz and A Scott and B Solheim and DX Xu}, 
journal = {Opt. Express},
title = {Multiaperture planar waveguide spectrometer formed by arrayed Mach-Zehnder interferometers},
number = {26},
pages = {18176--18189},
volume = {15},
year = {2007},
date-added = {2010-10-28 14:58:53 -0300},
date-modified = {2011-01-21 15:08:06 -0300},
pmid = {6476483064057300794related:Ogf4aggX4VkJ},


rating = {0}
}

@article{Otis:2000p2284,
author = {L L Otis and M J Everett and U S Sathyam and B W Colston}, 
journal = {J Am Dent Assoc},
title = {Optical coherence tomography: a new imaging technology for dentistry},

affiliation = {Department of Oral Diagnosis, University of Connecticut School of Dental Medicine, Farmington 06030-1605, USA.},
number = {4},
pages = {511--4},
volume = {131},
year = {2000},
month = {Apr},
language = {eng},
keywords = {Infrared Rays, Interferometry, Tomography, Humans, Adult, Light, Diagnosis: Oral, Anatomy: Cross-Sectional, Dental Equipment}, 
date-added = {2010-11-24 17:40:40 -0300},
date-modified = {2011-01-21 14:05:15 -0300},
pmid = {10770016},



rating = {0}
}

@article{Targowski:2004p1713,
author = {P Targowski and M Wojtkowski and A Kowalczyk and T Bajraszewski and M Szkulmowski and I Gorczyska}, 
journal = {Opt. Commun.},
title = {Complex spectral OCT in human eye imaging in vivo},
number = {1-6},
pages = {79--84},
volume = {229},
year = {2004},
date-added = {2010-11-09 01:32:45 -0300},
date-modified = {2011-01-21 15:08:39 -0300},
pmid = {15084532464546986682related:uror8FoGV9EJ},


read = {Yes},
rating = {0}
}

@article{Sebag:2004p1727,
author = {J Sebag}, 
journal = {J. Biomed. Opt.},
title = {Seeing the invisible: the challenge of imaging vitreous},
pages = {38},
volume = {9},
year = {2004},
date-added = {2010-11-09 01:32:42 -0300},
date-modified = {2011-01-20 19:45:32 -0300},
pmid = {5282067081113679562related:yraQUQasTUkJ},


read = {Yes},
rating = {0}
}

@article{Jerri:1977p1735,
author = {A. J Jerri}, 
journal = {Proc. IEEE},
title = {The Shannon sampling theorem - Its various extensions and applications: A tutorial review},

affiliation = {AA(Clarkson College of Technology, Potsdam, N.Y.)},
pages = {1565},
volume = {65},
year = {1977},
month = {Nov},
keywords = {INTERPOLATION, COMMUNICATION THEORY, RANDOM PROCESSES, SHANNON-WIENER MEASURE, DATA SAMPLING, EXTREMUM VALUES, WHITTAKER FUNCTIONS, INTEGRAL TRANSFORMATIONS, BIBLIOGRAPHIES, INFORMATION THEORY, ERROR ANALYSIS, TRUNCATION ERRORS, THEOREMS, MATHEMATICAL MODELS}, 
date-added = {2010-11-09 05:27:22 -0300},
date-modified = {2011-01-21 14:41:00 -0300},
pmid = {1977IEEEP..65.1565J},



read = {Yes},
rating = {0}
}

@article{Ding:2002p1746,
author = {Z Ding and H Ren and Y Zhao and JS Nelson and Z Chen}, 
journal = {Opt. Lett.},
title = {High-resolution optical coherence tomography over a large depth range with an axicon lens},
number = {4},
pages = {243--245},
volume = {27},
year = {2002},
date-added = {2010-11-09 12:45:01 -0300},
date-modified = {2011-01-20 19:43:05 -0300},
pmid = {13777863507254121715related:8xSzkdzNNL8J},


rating = {0}
}

@article{Dirks:2004p2607,
author = {R. M Dirks}, 
journal = {Nucleic Acids Research},
title = {Paradigms for computational nucleic acid design},
number = {4},
pages = {1392--1403},
volume = {32},
year = {2004},
month = {Feb},
date-added = {2011-01-27 17:04:11 -0300},
date-modified = {2011-01-27 17:04:13 -0300},
doi = {10.1093/nar/gkh291},


rating = {0}
}

@article{Venkataraman:2007p2611,
author = {Suvir Venkataraman and Robert M Dirks and Paul W. K Rothemund and Erik Winfree and Niles A Pierce}, 
journal = {Nature Nanotech},
title = {An autonomous polymerization motor powered by DNA hybridization},
number = {8},
pages = {490--494},
volume = {2},
year = {2007},
month = {Aug},
date-added = {2011-01-27 17:04:08 -0300},
date-modified = {2011-01-27 17:04:13 -0300},
doi = {10.1038/nnano.2007.225},


read = {Yes},
rating = {0}
}

@article{Zinoviev:2008p11,
author = {Kirill Zinoviev and Laura G Carrascosa and Jos{\'e} S{\'a}nchez Del R{\'\i}o and Borja Sep{\'u}lveda and Carlos Dom{\'\i}nguez and Laura M Lechuga}, 
journal = {Adv. Opt. Technol.},
title = {Silicon Photonic Biosensors for Lab-on-a-Chip Applications},

pages = {1--7},
volume = {2008},
year = {2008},
month = {Jan},
date-added = {2010-01-12 17:23:18 -0300},
date-modified = {2010-01-24 17:58:30 -0300},
doi = {10.1155/2008/383927},
pii = {383927},



read = {Yes},
rating = {0}
}

@article{Drexler:1999p1715,
author = {Wolfgang Drexler and O Findl and R Menapace and C. K Hitzenberger and A. F Fercher}, 
journal = {Proc. SPIE},
title = {Partially coherent interferometric biometry in cataract surgery (Proceedings Paper)},

year = {1999},
month = {Jan},
date-added = {2010-11-09 01:32:23 -0300},
date-modified = {2011-01-21 14:52:00 -0300},



read = {Yes},
rating = {0}
}

@article{Fukazawa:2004p23,
author = {T Fukazawa and F Ohno and T Baba}, 
journal = {Jpn. J. Appl. Phys.},
title = {Very compact arrayed-waveguide-grating demultiplexer using Si photonic wire waveguides},
number = {5B},
pages = {673--675},
volume = {43},
year = {2004},
date-added = {2010-01-12 17:22:50 -0300},
date-modified = {2011-01-21 15:30:09 -0300},
pmid = {1751240940341384968related:CFcrVVuoTRgJ},


read = {Yes},
rating = {0}
}

@article{Wendland:1965p1540,
author = {P Wendland and M Chester}, 
journal = {Phys. Rev.},
title = {Electric field effects on indirect optical transitions in silicon},

year = {1965},
month = {Jan},
date-added = {2010-10-28 10:53:35 -0300},
date-modified = {2011-01-21 16:14:15 -0300},
pmid = {2712339243434361535related:v8JB2ysqpCUJ},



read = {Yes},
rating = {0}
}

@article{Matheus:2011p2616,
author = {T.C.U Matheus and C.M.F Kauffman and A.K.S Braz and C.C.B.O Mota and Anderson S L Gomes}, 
journal = {Brazilian Dental Journal},
title = {Fracture process characterization of fiber-reinforced dental composites evaluated by optical coherence tomography, SEM and optical microscopy},
number = {5},
pages = {420--427},
volume = {21},
date-added = {2011-03-21 10:35:22 -0300},
date-modified = {2011-04-05 21:13:27 -0300},
pmid = {related:GYEi0hpabOYJ},


rating = {0}
}

@article{McGreer:1996p15,
author = {KA McGreer}, 
journal = {Appl. Opt.},
title = {Theory of concave gratings based on a recursive definition of facet positions},
number = {30},
pages = {5904--5910},
volume = {35},
year = {1996},
date-added = {2010-01-12 17:22:55 -0300},
date-modified = {2011-01-20 19:38:46 -0300},
pmid = {6700731214889649180related:HITetonH_VwJ},


rating = {0}
}

@article{Borselli:2006p94,
author = {M Borselli}, 
title = {High-Q microresonators as lasing elements for silicon photonics},
year = {2006},
date-added = {2010-01-12 17:22:41 -0300},
date-modified = {2010-01-12 18:07:30 -0300},
pmid = {17560761398098273935related:jyYKX3NbtPMJ},


rating = {0}
}

@article{Lassila:2004p2512,
author = {Lippo V J Lassila and Johanna Tanner and Anna-Maria Le Bell and Katja Narva and Pekka K Vallittu}, 
journal = {Dent. Mater.},
title = {Flexural properties of fiber reinforced root canal posts},

affiliation = {Department of Prosthetic Dentistry and Biomaterials Research, Institute of Dentistry, University of Turku, Turku 20520, Finland.},
number = {1},
pages = {29--36},
volume = {20},
year = {2004},
month = {Jan},
language = {eng},
keywords = {Materials Testing, Post and Core Technique, Pliability, Carbon, Glass, Composite Resins, Dental Prosthesis Design, Elasticity, Dental Stress Analysis, Hot Temperature, Analysis of Variance}, 
date-added = {2010-11-24 22:07:03 -0300},
date-modified = {2011-01-20 19:39:57 -0300},
pii = {S0109564103000654},
pmid = {14698771},



rating = {0}
}

@article{Smit:1996p21,
author = {MK Smit and C Van Dam}, 
journal = {IEEE J. Sel.Top. Quant.},
title = {PHASAR-based WDM-devices: Principles, design and applications},
number = {2},
pages = {236--250},
volume = {2},
year = {1996},
date-added = {2010-01-12 17:23:03 -0300},
date-modified = {2010-01-12 17:42:31 -0300},
pmid = {4879027512537165708related:jK8iJqzJtUMJ},


rating = {0}
}

@article{Marz:1992p28,
author = {R Marz and C Cremer}, 
journal = {J. Lightwave Tech.},
title = {On the theory of planar spectrographs},
number = {12},
pages = {2017--2022},
volume = {10},
year = {1992},
date-added = {2010-01-12 17:22:55 -0300},
date-modified = {2011-01-20 19:45:24 -0300},
pmid = {1421845010160452719related:b4RG5IBouxMJ},


rating = {0}
}

@article{Oppenheim:2010p1832,
author = {J Oppenheim and S Wehner}, 
journal = {Science},
title = {The Uncertainty Principle Determines the Nonlocality of Quantum Mechanics},

year = {2010},
month = {Jan},
date-added = {2010-11-23 01:30:56 -0300},
date-modified = {2011-01-21 14:45:46 -0300},



rating = {0}
}

@article{Cremer:1992p41,
author = {C Cremer and N Emeis and M Schier and G Heise and G Ebbinghaus and L Stoll}, 
journal = {IEEE Photon. Technol. Lett.},
title = {Grating spectrograph integrated with photodiode array inInGaAsP/InGaAs/InP},
number = {1},
pages = {108--110},
volume = {4},
year = {1992},
date-added = {2010-01-12 17:22:41 -0300},
date-modified = {2010-11-26 23:30:37 -0300},
pmid = {6193034496544875559related:JyRMABAU8lUJ},


rating = {0}
}

@article{Baak:1982p79,
author = {T B{\aa}{\aa}k}, 
journal = {Appl. Opt.},
title = {Silicon oxynitride; a material for GRIN optics},
number = {6},
pages = {1069--1072},
volume = {21},
year = {1982},
date-added = {2010-01-12 17:23:03 -0300},
date-modified = {2010-01-12 17:42:59 -0300},
pmid = {4100613893757410419related:cxxxQpxO6DgJ},


rating = {0}
}

@article{Sarunic:2005p2527,
author = {M Sarunic and MA Choma and C Yang and JA Izatt}, 
journal = {Opt. Express},
title = {Instantaneous complex conjugate resolved spectral domain and swept-source OCT using 3x3 fiber couplers},
number = {3},
pages = {957--967},
volume = {13},
year = {2005},
date-added = {2010-12-05 11:50:25 -0300},
date-modified = {2011-01-21 15:08:06 -0300},
pmid = {5115839325190246529related:gVDw6cIc_0YJ},


rating = {0}
}

@article{Anonymous:2003p2612,
title = {jcc03b},
pages = {1--14},
year = {2003},
month = {Aug},
date-added = {2011-01-27 17:04:12 -0300},
date-modified = {2011-01-27 17:04:13 -0300},


rating = {0}
}

@article{Houser:1994p1780,
author = {GD Houser and E Garmire}, 
journal = {Appl. Opt.},
title = {Balanced detection technique to measure small changes in transmission},
number = {6},
pages = {1059--1062},
volume = {33},
year = {1994},
date-added = {2010-11-18 17:24:38 -0300},
date-modified = {2011-01-20 19:38:46 -0300},
pmid = {6395419936386398109related:nTfDOYwYwVgJ},


rating = {0}
}

@article{BaehrJones:2004p801,
author = {T Baehr-Jones and M Hochberg and C Walker}, 
journal = {Appl. Phys. Lett.},
title = {High-Q ring resonators in thin silicon-on-insulator},

year = {2004},
month = {Jan},
date-added = {2010-05-29 19:45:08 -0300},
date-modified = {2011-01-20 19:38:52 -0300},
pmid = {12010538749447907695related:bynoqVsBrqYJ},


rating = {0}
}

@article{Little:1997p39,
author = {BE Little and ST Chu and HA Haus and J Foresi and JP Laine}, 
journal = {J. Lightwave Tech.},
title = {Microring resonator channel dropping filters},
number = {6},
pages = {998--1005},
volume = {15},
year = {1997},
date-added = {2010-01-12 17:22:54 -0300},
date-modified = {2011-01-20 19:45:24 -0300},
pmid = {9892503934213481421related:zePyWeo7SYkJ},


rating = {0}
}

@article{Anonymous:2011p2600,
title = {nanolett04},
pages = {1--5},
year = {2011},
month = {Jan},
date-added = {2011-01-27 17:04:11 -0300},
date-modified = {2011-01-27 17:04:13 -0300},


rating = {0}
}

@article{Kwong:1993p1680,
author = {KF Kwong and D Yankelevich and KC Chu and JP Heritage and A Dienes}, 
journal = {Opt. Lett.},
title = {400-Hz mechanical scanning optical delay line},
number = {7},
pages = {558--560},
volume = {18},
year = {1993},
date-added = {2010-11-09 01:32:32 -0300},
date-modified = {2011-01-20 19:43:05 -0300},
pmid = {6119986663255794802related:cmR99XGP7lQJ},


read = {Yes},
rating = {0}
}

@article{Pierce:2004p1839,
author = {Mark C Pierce and John Strasswimmer and B Hyle Park and Barry Cense and Johannes F De Boer}, 
journal = {J. Invest. Dermatol.},
title = {Advances in optical coherence tomography imaging for dermatology},

affiliation = {Wellman Center for Photomedicine/Harvard Medical School, Massachusetts General Hospital, 50 Blossom Street, Boston, MA 02114, USA. pierce@helix.mgh.harvard.edu},
number = {3},
pages = {458--63},
volume = {123},
year = {2004},
month = {Sep},
language = {eng},
keywords = {Humans, Lasers, Skin, Skin Diseases, Tomography: Optical Coherence, Cicatrix}, 
date-added = {2010-11-24 03:20:59 -0300},
date-modified = {2011-01-21 16:11:33 -0300},
doi = {10.1111/j.0022-202X.2004.23404.x},
pii = {JID23404},
pmid = {15304083},



rating = {0}
}

@article{Gossage:2003p1699,
author = {KW Gossage and TS Tkaczyk and JJ Rodriguez and JK Barton}, 
journal = {J. Biomed. Opt.},
title = {Texture analysis of optical coherence tomography images: feasibility for tissue classification},
pages = {570},
volume = {8},
year = {2003},
date-added = {2010-11-09 01:32:26 -0300},
date-modified = {2011-01-20 19:45:32 -0300},
pmid = {4297216606256774524related:fD3YWrzHojsJ},


rating = {0}
}

@article{Cocorullo:1992p1595,
author = {G Cocorullo and I Rendina}, 
journal = {Electron. Lett},
title = {Thermo-optical modulation at 1.5 mu m in silicon etalon},

number = {1},
pages = {83--85},
volume = {28},
year = {1992},
month = {Jan},
date-added = {2010-10-28 11:51:41 -0300},
date-modified = {2011-01-20 19:41:49 -0300},
doi = {10.1049/el:19920051},
pmid = {14969217308769186243related:w_HQ_tRXvc8J},



read = {Yes},
rating = {0}
}

@article{Phizicky:1995p44,
author = {EM Phizicky and S Fields}, 
journal = {Microbiol. Mol. Biol. Rev.},
title = {Protein-protein interactions: methods for detection and analysis},
number = {1},
pages = {94},
volume = {59},
year = {1995},
date-added = {2010-01-12 17:22:56 -0300},
date-modified = {2010-01-12 18:00:12 -0300},
pmid = {4842997741489015934related:fsx4XcnINUMJ},


rating = {0}
}

@article{Passaro:2005p1593,
author = {VMN Passaro and F Magno and AV Tsarev}, 
journal = {Opt. Express},
title = {Investigation of thermo-optic effect and multi-reflector tunable filter/multiplexer in SOI waveguides},
number = {9},
pages = {3429--3437},
volume = {23},
year = {2005},
date-added = {2010-10-28 11:40:09 -0300},
date-modified = {2011-01-21 15:08:06 -0300},
doi = {10.1364/OPEX.13.003429},
pmid = {8747344025060181250related:AgXZnQvPZHkJ},


rating = {0}
}

@article{Barton:2004p1701,
author = {Jennifer Kehlet Barton and Francisco Guzman and Alexandre Tumlinson}, 
journal = {J. Biomed. Opt.},
title = {Dual modality instrument for simultaneous optical coherence tomography imaging and fluorescence spectroscopy},

pages = {618},
volume = {9},
year = {2004},
month = {Jan},
date-added = {2010-11-09 01:32:20 -0300},
date-modified = {2011-01-20 19:45:32 -0300},
doi = {10.1117/1.1695564},
pmid = {2004JBO.....9..618B},



rating = {0}
}

@article{Zeng:2002p127,
author = {A Zeng and XG Ye and J Chon and F Liang and WT Inc and CA Fremont}, 
journal = {OFC},
title = {25 GHz interleavers with ultra-low chromatic dispersion},
pages = {396--398},
year = {2002},
date-added = {2010-01-12 17:23:08 -0300},
date-modified = {2011-01-21 16:32:40 -0300},
pmid = {4182472611141394979related:IyLiHa4gCzoJ},


rating = {0}
}

@article{Shannon:1948p1736,
author = {C E Shannon}, 
journal = {Bell Syst. Tech. J.},
title = {A mathematical theory of communication},
number = {1},
pages = {379--423},
volume = {27},
year = {1948},
date-added = {2010-11-09 05:50:35 -0300},
date-modified = {2011-01-20 19:39:19 -0300},
pmid = {14249175757432453165related:LXjeI9s9v8UJ},


read = {Yes},
rating = {0}
}

@article{Gidon:1988p1765,
author = {P Gidon and JP Jadot and S Valette}, 
journal = {US Patent 4,786,133},
title = {Multiplexer-demultiplexer using an elliptical concave grating and produced in integrated optics},

year = {1988},
month = {Jan},
date-added = {2010-11-09 13:38:37 -0300},
date-modified = {2010-11-26 22:40:18 -0300},
pmid = {9014731390538817449related:qR-hBnDCGn0J},



read = {Yes},
rating = {0}
}

@article{Ugryumova:2005p1716,
author = {N Ugryumova and DP Attenburrow and CP Winlove and SJ Matcher}, 
journal = {J. Phys. D: Appl. Phys.},
title = {The collagen structure of equine articular cartilage, characterized using polarization-sensitive optical coherence tomography},
pages = {2612},
volume = {38},
year = {2005},
date-added = {2010-11-09 01:32:39 -0300},
date-modified = {2011-01-21 14:25:33 -0300},
pmid = {6317348466826017590related:NvuFt_W6q1cJ},


read = {Yes},
rating = {0}
}

@article{Anonymous:2002p2613,
title = {proeng02},
pages = {1--4},
year = {2002},
month = {Nov},
date-added = {2011-01-27 17:04:07 -0300},
date-modified = {2011-01-27 17:04:13 -0300},


rating = {0}
}

@article{Correia:2000p101,
author = {JH Correia and M Bartek and RF Wolffenbuttel}, 
journal = {IEEE Trans. Electron Devices},
title = {High-selectivity single-chip spectrometer in silicon for operation at visible part of the spectrum},
number = {3},
pages = {553--559},
volume = {47},
year = {2000},
date-added = {2010-01-12 17:22:41 -0300},
date-modified = {2011-01-21 15:24:18 -0300},
pmid = {630990285387419110related:5k09SVK6wQgJ},


rating = {0}
}

@article{Hsu:2002p2439,
author = {I Hsu and C.W Lu and C Deng and CC Yang and CP Chiang and C Lin and YW Kiang}, 
journal = {Opt. Commun.},
title = {Optical coherence tomography using nonlinear optics in fiber for broadband source generation},

pages = {391--396},
volume = {212},
year = {2002},
month = {Jan},
date-added = {2010-11-24 21:51:19 -0300},
date-modified = {2011-01-21 15:08:39 -0300},
doi = {10.1016/S0030-4018(02)02010-2},
pmid = {18394268672688008374related:tiyqmuaRRf8J},



read = {Yes},
rating = {0}
}

@article{Attar:2008p2147,
author = {Nuray Attar and Yonca Korkmaz and Emre Ozel and Ceren Ozge Bicer and Erhan Firatli}, 
journal = {Photomed. Laser Surg.},
title = {Microleakage of class V cavities with different adhesive systems prepared by a diamond instrument and different parameters of Er:YAG laser irradiation},

affiliation = {Department of Conservative Dentistry, Hacettepe University, Faculty of Dentistry, Ankara, Turkey. nurayattar@hotmail.com},
number = {6},
pages = {585--91},
volume = {26},
year = {2008},
month = {Dec},
language = {eng},
keywords = {Dental Cements, Composite Resins, Lasers: Solid-State, Humans, Bisphenol A-Glycidyl Methacrylate, Acid Etching: Dental, Dental Cavity Preparation, Dental Leakage, Phosphoric Acids}, 
date-added = {2010-11-24 16:30:45 -0300},
date-modified = {2011-01-26 17:22:43 -0300},
doi = {10.1089/pho.2007.2203},
pmid = {19099387},


rating = {0}
}

@article{Pircher:2003p1710,
author = {M Pircher and E G{\"o}tzinger and Rainer A Leitgeb and A. F Fercher and C. K Hitzenberger}, 
journal = {J. Biomed. Opt.},
title = {Speckle reduction in optical coherence tomography by frequency compounding},
pages = {565},
volume = {8},
year = {2003},
date-added = {2010-11-09 01:32:38 -0300},
date-modified = {2011-01-20 19:45:32 -0300},
pmid = {3917573030204559446related:VlD-LuoDXjYJ},


rating = {0}
}

@article{Boppart:1997p1840,
author = {S A Boppart and G J Tearney and Brett E Bouma and J F Southern and M E Brezinski and James G Fujimoto}, 
journal = {Proc. Natl. Acad. Sci. USA},
title = {Noninvasive assessment of the developing Xenopus cardiovascular system using optical coherence tomography},

affiliation = {Department of Electrical Engineering and Computer Science, Research Laboratory of Electronics, Massachusetts Institute of Technology, Cambridge, MA 02139, USA.},
number = {9},
pages = {4256--61},
volume = {94},
year = {1997},
month = {Apr},
language = {eng},
keywords = {Cardiovascular System, Infrared Rays, Heart, Optics and Photonics, Embryo: Nonmammalian, Tomography, Xenopus laevis, Verapamil, Animals, Cardiovascular Physiological Phenomena, Heart Function Tests, Scattering: Radiation}, 
date-added = {2010-11-24 03:23:30 -0300},
date-modified = {2010-11-26 23:34:31 -0300},
pmid = {9113976},



rating = {0}
}

@article{Danforth:2003p2286,
author = {Robert A Danforth}, 
journal = {J Calif Dent Assoc},
title = {Cone beam volume tomography: a new digital imaging option for dentistry},
affiliation = {University of Southern California School of Dentistry, Division of Diagnostic Sciences/Oral Radiology, USA.},
number = {11},
pages = {814--5},
volume = {31},
year = {2003},
month = {Nov},
language = {eng},
keywords = {Humans, Tomography: X-Ray Computed, Imaging: Three-Dimensional, Image Processing: Computer-Assisted, Radiography: Dental}, 
date-added = {2010-11-24 17:59:26 -0300},
date-modified = {2010-11-24 17:59:26 -0300},
pmid = {14696832},


rating = {0}
}

@article{Loughran:2005p2526,
author = {Galyna M Loughran and Antheunis Versluis and William H Douglas}, 
journal = {Dent. Mater.},
title = {Evaluation of sub-critical fatigue crack propagation in a restorative composite},

affiliation = {Department of Oral Science, Minnesota Dental Research Center for Biomaterials and Biomechanics, University of Minnesota, 16-212 Moos Tower, 515 Delaware Street SE, Minneapolis, MN 55455, USA.},
number = {3},
pages = {252--61},
volume = {21},
year = {2005},
month = {Mar},
language = {eng},
keywords = {Composite Resins, Silicon Dioxide, Dental Restoration: Permanent, Zirconium, Dental Restoration Failure, Materials Testing, Pliability, Compliance, Dental Stress Analysis}, 
date-added = {2010-11-24 22:28:25 -0300},
date-modified = {2011-01-20 19:39:57 -0300},
doi = {10.1016/j.dental.2004.04.005},
pii = {S0109564104000843},
pmid = {15705432},



rating = {0}
}

@article{Kubo:2007p84,
author = {S Kubo and D Mori and T Baba}, 
journal = {Opt. Lett.},
title = {Low-group-velocity and low-dispersion slow light in photonic crystal waveguides},
number = {20},
pages = {2981--2983},
volume = {32},
year = {2007},
date-added = {2010-01-12 17:22:56 -0300},
date-modified = {2011-01-20 19:43:05 -0300},
pmid = {3803887141011869755related:O1CwbTMfyjQJ},


rating = {0}
}

@article{Braz:2009p789,
author = {Ana K S Braz and Bernardo B C Kyotoku and Anderson S L Gomes}, 
journal = {J. Endod.},
title = {In Vitro Tomographic Image of Human Pulp-Dentin Complex: Optical Coherence {\ldots}},

year = {2009},
month = {Jan},
date-added = {2010-04-08 15:03:41 -0300},
date-modified = {2011-04-05 21:13:27 -0300},
pmid = {related:he-BLrP0UKkJ},


rating = {0}
}

@article{Colston:1998p1677,
author = {B W Colston and MJ Everett and LB Da Silva and LL Otis and P Stroeve and H Nathel}, 
journal = {Appl. Opt.},
title = {Imaging of hard-and soft-tissue structure in the oral cavity by optical coherence tomography},
number = {16},
pages = {3582--3585},
volume = {37},
year = {1998},
date-added = {2010-11-09 01:32:21 -0300},
date-modified = {2011-01-20 19:38:46 -0300},
pmid = {7711061040836116987related:-wFkZCkxA2sJ},


read = {Yes},
rating = {0}
}

@article{Heiblum:1975p2586,
author = {M Heiblum and J Harris}, 
journal = {IEEE J. Quantum Elect.},
title = {Analysis of curved optical waveguides by conformal transformation},
number = {2},
pages = {75--83},
volume = {11},
year = {1975},
date-added = {2010-12-13 13:25:13 -0300},
date-modified = {2011-01-21 15:09:17 -0300},
pmid = {6487314233313064631related:t_b1huyRB1oJ},


rating = {0}
}

@article{Fukuda:2005p1542,
author = {H Fukuda and K Yamada and T Shoji and M Takahashi}, 
journal = {Nature},
title = {Four-wave mixing in silicon wire waveguides},

year = {2005},
month = {Jan},
date-added = {2010-10-28 11:12:38 -0300},
date-modified = {2010-10-28 11:12:38 -0300},
pmid = {10860510617932664345related:GQ48ld1IuJYJ},



rating = {0}
}

@article{Colston:1995p1719,
author = {B W Colston and US Sathyam and LB DaSilva and MJ Everett and P Stroeve and LL Otis}, 
journal = {Opt. Express},
title = {Dental OCT},
pages = {93--98},
volume = {191},
year = {1995},
date-added = {2010-11-09 01:32:21 -0300},
date-modified = {2011-01-21 15:08:06 -0300},
pmid = {10274951462858040162related:YqMInOr1l44J},


read = {Yes},
rating = {0}
}

@article{Sun:2010p837,
author = {J Sun and S Guo and L Wu and L Liu and S Choe and B Sorg}, 
journal = {Opt. Express},
title = {3D In Vivo optical coherence tomography based on a low-voltage, large-scan-range 2D MEMS mirror},

year = {2010},
month = {Jan},
date-added = {2010-06-11 10:28:09 -0300},
date-modified = {2011-01-21 15:08:06 -0300},



read = {Yes},
rating = {0}
}

@article{Anonymous:2011p2604,
title = {jacs04},
pages = {1--2},
year = {2011},
month = {Jan},
date-added = {2011-01-27 17:04:13 -0300},
date-modified = {2011-01-27 17:04:13 -0300},


rating = {0}
}

@article{Thyagarajan:1987p1390,
author = {K Thyagarajan and M Shenoy and A Ghatak}, 
journal = {Opt. Lett.},
title = {Accurate numerical method for the calculation of bending loss in optical waveguides using a matrix approach},

year = {1987},
month = {Jan},
date-added = {2010-10-21 09:22:14 -0300},
date-modified = {2011-01-20 19:43:05 -0300},
pmid = {9554909053293705745related:ETq87ijbmYQJ},



rating = {0}
}

@article{Assefa:2011p1380,
author = {S Assefa and F Xia and YA Vlasov}, 
journal = {ECS Trans.},
title = {Integration of Germanium Avalanche Photodetectors on Silicon for On-Chip Optical Interconnects},

date-added = {2010-10-19 14:53:18 -0300},
date-modified = {2011-01-21 15:21:32 -0300},
pmid = {related:HmzZTzg6BUEJ},



read = {Yes},
rating = {0}
}

@article{Drexler:2004p1728,
author = {Wolfgang Drexler}, 
journal = {J. Biomed. Opt.},
title = {Ultrahigh-resolution optical coherence tomography},

affiliation = {AA(Univ. Wien (Austria))},
pages = {47},
volume = {9},
year = {2004},
month = {Jan},
date-added = {2010-11-09 01:32:23 -0300},
date-modified = {2011-01-20 19:45:32 -0300},
doi = {10.1117/1.1629679},
pmid = {2004JBO.....9...47D},



read = {Yes},
rating = {0}
}

@article{Bedrosian:1962p772,
author = {E Bedrosian}, 
journal = {rand.org},
title = {A product theorem for Hilbert transforms},

year = {1962},
month = {Jan},
date-added = {2010-02-09 17:49:18 -0300},
date-modified = {2010-02-09 17:49:18 -0300},
pmid = {99728082274192703related:P40VlilOYgEJ},



read = {Yes},
rating = {0}
}

@article{Nitkowski:2007p12,
author = {Arthur Nitkowski}, 
title = {Optical spectroscopy is the main tool for {\ldots}},
pages = {1--2},
year = {2007},
month = {Dec},
date-added = {2010-01-12 17:22:56 -0300},
date-modified = {2010-01-12 17:23:18 -0300},


rating = {0}
}

@article{Kyotoku:2007p137,
author = {Bernardo B C Kyotoku and Anderson S L Gomes}, 
journal = {Opt. Commun.},
title = {Dental fiber-reinforced composite analysis using optical coherence tomography},
number = {2},
pages = {403--407},
volume = {279},
year = {2007},
date-added = {2010-01-12 19:47:52 -0300},
date-modified = {2011-04-05 21:13:27 -0300},
pmid = {17062638629459593307related:WwjMh26ryuwJ},


read = {Yes},
rating = {0}
}

@article{Anonymous:2004p2602,
title = {jcp04},
pages = {1--26},
year = {2004},
month = {Sep},
date-added = {2011-01-27 17:04:11 -0300},
date-modified = {2011-01-27 17:04:13 -0300},
doi = {10.1016/j.jcp.2004.05.001},


rating = {0}
}

@article{Amaechi:2003p1723,
author = {BT Amaechi and A Podoleanu and SM Higham and DA Jackson}, 
journal = {J. Biomed. Opt.},
title = {Correlation of quantitative light-induced fluorescence and optical coherence tomography applied for detection and quantification of early dental caries},
pages = {642},
volume = {8},
year = {2003},
date-added = {2010-11-09 01:32:18 -0300},
date-modified = {2011-01-20 19:45:32 -0300},
pmid = {2742316617991620023related:t4UKRW-qDiYJ},


rating = {0}
}

@article{Manolatou:2006p1490,
author = {C Manolatou and Michal Lipson}, 
journal = {J. Lightwave Tech.},
title = {All-optical silicon modulators based on carrier injection by two-photon absorption},

year = {2006},
month = {Jan},
date-added = {2010-10-28 10:29:10 -0300},
date-modified = {2011-01-21 16:31:27 -0300},
pmid = {1571854096029719222related:thqY6PhY0BUJ},



rating = {0}
}

@article{Anonymous:2002p2605,
title = {jcc03a},
pages = {1--12},
year = {2002},
month = {Dec},
date-added = {2011-01-27 17:04:12 -0300},
date-modified = {2011-01-27 17:04:13 -0300},


rating = {0}
}

@article{Kyotoku:2010p786,
author = {Bernardo B C Kyotoku and Long Chen and Michal Lipson}, 
journal = {Opt. Express},
title = {Sub-nm resolution cavity enhanced microspectrometer},
pages = {102--107},
volume = {18},
year = {2010},
date-added = {2010-04-08 14:52:48 -0300},
date-modified = {2011-01-21 16:31:27 -0300},
pmid = {related:pm6w_cnGqYYJ},


read = {Yes},
rating = {0}
}

@article{Wiederhecker:2009p560,
author = {GS Wiederhecker}, 
title = {Controle e Intera{\c c}{\~a}o de F{\^o}nons e F{\'o}tons em Fibras {\'O}pticas de Cristal Fot{\^o}nico},
pages = {1--232},
year = {2009},
month = {Mar},
date-added = {2010-01-23 21:38:00 -0300},
date-modified = {2010-11-26 23:37:16 -0300},


read = {Yes},
rating = {0}
}

@article{Anonymous:2010p2705,
title = {New Symmetries in Crystals and Handed Structures},
pages = {1--40},
year = {2010},
month = {Sep},
date-added = {2011-04-07 07:27:21 -0300},
date-modified = {2011-04-07 07:27:21 -0300},


rating = {0}
}

@article{BaehrJones:2008p840,
author = {T Baehr-Jones and A Spott and R Ilic}, 
journal = {Opt. Express},
title = {Silicon-on-sapphire integrated waveguides for the mid-infrared},

year = {2008},
month = {Jan},
date-added = {2010-06-11 10:28:09 -0300},
date-modified = {2011-01-21 15:08:06 -0300},



read = {Yes},
rating = {0}
}

@article{Chen:2009p51,
author = {Long Chen}, 
journal = {lakh.unm.edu},
title = {Controlling And Detecting Light For On-Chip Optical Interconnects},

year = {2009},
month = {Jan},
date-added = {2010-01-12 17:22:41 -0300},
date-modified = {2011-01-21 15:19:00 -0300},



read = {Yes},
rating = {0}
}

@article{Gotzinger:2005p1708,
author = {E G{\"o}tzinger and M Pircher and C. K Hitzenberger}, 
journal = {Opt. Express},
title = {High speed spectral domain polarization sensitive optical coherence tomography of the human retina},
number = {25},
pages = {10217--10229},
volume = {13},
year = {2005},
date-added = {2010-11-09 01:32:26 -0300},
date-modified = {2011-01-21 15:08:06 -0300},
pmid = {14201944541002990178related:YgJInlBxF8UJ},


rating = {0}
}

@article{Xie:2003p88,
author = {T Xie and H Xie and GK Fedder and Y Pan}, 
journal = {Electron. Lett},
title = {Endoscopic optical coherence tomography with new MEMS mirror},
pages = {1535--1536},
volume = {39},
year = {2003},
date-added = {2010-01-12 17:23:08 -0300},
date-modified = {2011-01-20 19:41:13 -0300},
pmid = {11906251419049989377related:ARX3ZpWAO6UJ},


read = {Yes},
rating = {0}
}

@article{Alekseev:1987p1597,
author = {S Alekseev and V Bogdanov and V Prokopenko{\ldots}}, 
journal = {J. Appl. Spectrosc.},
title = {Refractometric characteristics of the polytypes of silicon carbide},

year = {1987},
month = {Jan},
date-added = {2010-10-28 11:55:17 -0300},
date-modified = {2011-01-21 14:14:15 -0300},



read = {Yes},
rating = {0}
}

@article{Ellis:2007p36,
author = {DI Ellis and WB Dunn and JL Griffin and JW Allwood and R Goodacre}, 
journal = {Pharmacogenomics},
title = {Metabolic fingerprinting as a diagnostic tool},
number = {9},
pages = {1243--1266},
volume = {8},
year = {2007},
date-added = {2010-01-12 17:22:42 -0300},
date-modified = {2010-01-12 18:15:38 -0300},
pmid = {7929498323459677316related:hJzegLY8C24J},


rating = {0}
}

@article{Windecker:1997p1682,
author = {R Windecker and M Fleischer and B Franze}, 
journal = {J. Mod. Opt.},
title = {Two methods for fast coherence tomography and topometry},

pages = {967},
volume = {44},
year = {1997},
month = {May},
date-added = {2010-11-09 01:32:45 -0300},
date-modified = {2010-11-09 01:47:40 -0300},
doi = {10.1080/09500349708230710},
pmid = {1997JMOp...44..967W},



rating = {0}
}

@article{Smith:2002p1703,
author = {EDJ Smith and AV Zvyagin and DD Sampson}, 
journal = {Opt. Lett.},
title = {Real-time dispersion compensation in scanning interferometry},
number = {22},
pages = {1998--2000},
volume = {27},
year = {2002},
date-added = {2010-11-09 01:32:42 -0300},
date-modified = {2011-01-20 19:43:05 -0300},
pmid = {17615935657348702878related:niJoqiVgePQJ},


rating = {0}
}

@article{Barwicz:2007p1768,
author = {T Barwicz and H Byun and F Gan and CW Holzwarth and MA Popovic and PT Rakich and MR Watts and EP Ippen and FX K{\"a}rtner and HI Smith}, 
journal = {J. Opt. Netw.},
title = {Silicon photonics for compact, energy-efficient interconnects [Invited]},
number = {1},
pages = {63--73},
volume = {6},
year = {2007},
date-added = {2010-11-17 17:16:48 -0300},
date-modified = {2011-01-21 14:23:35 -0300},
pmid = {9464579032958070638related:bm8TKHzwWIMJ},


read = {Yes},
rating = {0}
}

@article{Mecholsky:1995p2523,
author = {J J Mecholsky}, 
journal = {Dent. Mater.},
title = {Fractography: determining the sites of fracture initiation},

affiliation = {Department of Materials Science and Engineering, University of Florida, Gainesville, USA.},
number = {2},
pages = {113--6},
volume = {11},
year = {1995},
month = {Mar},
language = {eng},
keywords = {Models: Theoretical, Dental Stress Analysis, Dental Porcelain, Materials Testing, Fractals, Stress: Mechanical, Glass, Ceramics, Elasticity, Surface Properties, Microscopy: Electron: Scanning, Dental Materials}, 
date-added = {2010-11-24 22:23:15 -0300},
date-modified = {2011-01-20 19:39:57 -0300},
doi = {10.1016/0109-5641(95)80045-X},
pii = {0109-5641(95)80045-X},
pmid = {8621031},



rating = {0}
}

@article{Baets:1983p1772,
author = {Roel G Baets and PE Lagasse}, 
journal = {J. Opt. Soc. Am. A},
title = {Loss calculation and design of arbitrarily curved integrated-optic waveguides},
number = {2},
pages = {177--182},
volume = {73},
year = {1983},
date-added = {2010-11-18 15:13:15 -0300},
date-modified = {2011-01-21 14:10:24 -0300},
pmid = {1385391002172791793related:8RuIv8blORMJ},


rating = {0}
}

@article{Yasuno:2006p2530,
author = {Y Yasuno and S Makita and T Endo and G Aoki and M Itoh and T Yatagai}, 
journal = {Appl. Opt.},
title = {Simultaneous BM-mode scanning method for real-time full-range Fourier domain optical coherence tomography},
number = {8},
pages = {1861--1865},
volume = {45},
year = {2006},
date-added = {2010-12-05 12:07:03 -0300},
date-modified = {2011-01-20 19:38:46 -0300},
pmid = {11116320956434818511related:zyWHWQMbRZoJ},


rating = {0}
}

@article{Wynne:1999p2584,
author = {R Wynne and JL Daneu and TY Fan}, 
journal = {Appl. Opt.},
title = {Thermal coefficients of the expansion and refractive index in YAG},
number = {15},
pages = {3282--3284},
volume = {38},
year = {1999},
date-added = {2010-12-11 19:16:16 -0300},
date-modified = {2011-01-20 19:38:46 -0300},
pmid = {15742962624550603730related:0guX5Bg9etoJ},


rating = {0}
}

@article{Coase:1974p2588,
author = {RH Coase}, 
journal = {J. Law Econ.},
title = {The lighthouse in economics},
number = {2},
pages = {357--376},
volume = {17},
year = {1974},
date-added = {2011-01-07 10:01:29 -0300},
date-modified = {2011-01-07 10:02:15 -0300},
pmid = {8633053728331790071related:9_YTRKDEzncJ},


rating = {0}
}

@article{Assefa:2009p35,
author = {S Assefa and F Xia and SW Bedell and Y Zhang and T Topuria and PM Rice and YA Vlasov}, 
journal = {OFC},
title = {CMOS-Integrated 40GHz Germanium Waveguide Photodetector for On-Chip Optical Interconnects},
year = {2009},
date-added = {2010-01-12 17:22:40 -0300},
date-modified = {2011-01-21 16:32:41 -0300},
pmid = {14983357023895363535related:zx8j-NOT788J},


rating = {0}
}

@article{Xu:2005p115,
author = {Q Xu and B Schmidt and S Pradhan and Michal Lipson}, 
journal = {Nature},
title = {Micrometre-scale silicon electro-optic modulator},
number = {7040},
pages = {325},
volume = {435},
year = {2005},
date-added = {2010-01-12 17:23:09 -0300},
date-modified = {2011-01-21 16:31:27 -0300},
pmid = {2897020624327700702related:3nAIpOhINCgJ},


read = {Yes},
rating = {0}
}

@article{Hutley:1981p102,
author = {MC Hutley and WR Hunter}, 
journal = {Appl. Opt.},
title = {Variation of blaze of concave diffraction gratings},
number = {2},
pages = {245--250},
volume = {20},
year = {1981},
date-added = {2010-01-12 17:22:52 -0300},
date-modified = {2011-01-20 19:38:46 -0300},
pmid = {11164630065008409823related:3_x4MeS78JoJ},


rating = {0}
}

@article{Seeman:2007p2594,
author = {Nadrian C Seeman}, 
journal = {Mol Biotechnol},
title = {An Overview of Structural DNA Nanotechnology},
number = {3},
pages = {246--257},
volume = {37},
year = {2007},
month = {Oct},
date-added = {2011-01-27 15:58:57 -0300},
date-modified = {2011-01-27 15:58:57 -0300},
doi = {10.1007/s12033-007-0059-4},
pii = {59},


rating = {0}
}

@article{Masaki:1989p419,
author = {A Masaki}, 
journal = {IEEE Circuit. Devic.},
title = {Electrical resistance as a limiting factor for high performancecomputer packaging},

year = {1989},
month = {Jan},
date-added = {2010-01-19 23:51:02 -0300},
date-modified = {2010-01-19 23:51:02 -0300},
pmid = {12330152384488664587related:C-7hB0SAHasJ},



rating = {0}
}

@article{Matcher:2004p1685,
author = {SJ Matcher and CP Winlove and SV Gangnus}, 
journal = {Phys. Med. Biol.},
title = {The collagen structure of bovine intervertebral disc studied using polarization-sensitive optical coherence tomography},
pages = {1295},
volume = {49},
year = {2004},
date-added = {2010-11-09 01:32:41 -0300},
date-modified = {2010-11-26 23:35:31 -0300},
pmid = {18194166301710817361related:URjbxdqpfvwJ},


rating = {0}
}

@article{Wojtkowski:2004p1744,
author = {M Wojtkowski and V Srinivasan and T Ko and James G Fujimoto and A Kowalczyk and J Duker}, 
journal = {Opt. Express},
title = {Ultrahigh-resolution, high-speed, Fourier domain optical coherence tomography and methods for dispersion compensation},
number = {11},
pages = {2404--2422},
volume = {12},
year = {2004},
date-added = {2010-11-09 11:45:45 -0300},
date-modified = {2011-01-21 15:08:06 -0300},
pmid = {10787421216541142562related:Im5yNnGetJUJ},


read = {Yes},
rating = {0}
}

@article{Orcutt:2008p1769,
author = {JS Orcutt and A Khilo and MA Popovic and CW Holzwarth and B Moss and H Li and MS Dahlem and TD Bonifield and FX Kartner and EP Ippen}, 
journal = {CLEO},
title = {Demonstration of an electronic photonic integrated circuit in a commercial scaled bulk CMOS process},
pages = {1--2},
year = {2008},
date-added = {2010-11-17 17:17:57 -0300},
date-modified = {2011-01-21 16:38:42 -0300},
pmid = {9088828530843520873related:aQ9d5WQBIn4J},


rating = {0}
}

@article{Creath:1985p341,
author = {K Creath}, 
journal = {Appl. Opt.},
title = {Phase-shifting speckle interferometry},

year = {1985},
month = {Jan},
date-added = {2010-01-19 21:54:33 -0300},
date-modified = {2010-01-19 21:54:33 -0300},
pmid = {7239972754133462570related:Kq6hYdyMeWQJ},



rating = {0}
}

@article{Toshiba:2010p845,
author = {Toshiba}, 
title = {1335},
pages = {1--4},
year = {2010},
month = {Jun},
date-added = {2010-06-11 10:28:31 -0300},
date-modified = {2010-06-11 10:28:31 -0300},


read = {Yes},
rating = {0}
}

@article{DeMelo:2005p2100,
author = {L De Melo and R De Araujo and AZ Freitas and Denise Zezell and ND Vieira}, 
journal = {J. Biomed. Opt.},
title = {Evaluation of enamel dental restoration interface by optical coherence tomography},

number = {064027},
volume = {10},
year = {2005},
month = {Dec},
date-added = {2010-11-24 15:42:03 -0300},
date-modified = {2011-01-20 19:45:32 -0300},
doi = {10.1117/1.2141617},
pmid = {15096594060431278588related:_EFHElDggdEJ},


rating = {0}
}

@article{Brandenburg:2003p2055,
author = {R Brandenburg and B Haller and C Hauger}, 
journal = {Opt. Commun.},
title = {Real-time in vivo imaging of dental tissue by means of optical coherence tomography (OCT)},

year = {2003},
month = {Jan},
date-added = {2010-11-24 15:39:13 -0300},
date-modified = {2011-01-21 15:08:39 -0300},
pmid = {15766687525656427316related:NHtV48SGztoJ},



rating = {0}
}

@article{Cheben:2007p133,
author = {Pavel Cheben and JH Schmid and A Delage and A Densmore and S Janz and B Lamontagne and J Lapointe and E Post and P Waldron and DX Xu}, 
journal = {Opt. Express},
title = {A high-resolution silicon-on-insulator arrayed waveguide grating microspectrometer with sub-micrometer aperture waveguides},
number = {5},
pages = {2299--2306},
volume = {15},
year = {2007},
date-added = {2010-01-12 17:22:41 -0300},
date-modified = {2011-01-21 15:08:06 -0300},
pmid = {4016370236921092571related:2xkianMDvTcJ},


read = {Yes},
rating = {0}
}

@article{Yin:2008p2591,
author = {P Yin and HMT Choi and CR Calvert and NA Pierce}, 
journal = {Nature},
title = {Programming biomolecular self-assembly pathways},
number = {7176},
pages = {318--322},
volume = {451},
year = {2008},
date-added = {2011-01-27 15:56:32 -0300},
date-modified = {2011-01-27 23:40:13 -0300},
pmid = {4644871196888620226related:wlz9db7ldUAJ},


read = {Yes},
rating = {0}
}

@article{Cense:2004p2285,
author = {Barry Cense and N Nassif and T Chen and Mark C Pierce and SH Yun and B Park and Brett E Bouma and G J Tearney and Johannes F De Boer}, 
journal = {Opt. Express},
title = {Ultrahigh-resolution high-speed retinal imaging using spectral-domain optical coherence tomography},

year = {2004},
month = {Jan},
date-added = {2010-11-24 17:50:32 -0300},
date-modified = {2011-01-21 15:08:06 -0300},
pmid = {11725910751810381975related:l2iXxbPNuqIJ},



rating = {0}
}

@article{Cui:2007p2595,
author = {H Cui and Z Chen and S Zhong and K. L Wooley and D. J Pochan}, 
journal = {Science},
title = {Block Copolymer Assembly via Kinetic Control},
number = {5838},
pages = {647--650},
volume = {317},
year = {2007},
month = {Aug},
date-added = {2011-01-27 16:00:41 -0300},
date-modified = {2011-01-27 16:00:41 -0300},
doi = {10.1126/science.1141768},


rating = {0}
}

@article{Potter:2000p131,
author = {SM Potter}, 
journal = {J. Econ. Dynam. Control},
title = {Nonlinear impulse response functions},
number = {10},
pages = {1425--1446},
volume = {24},
year = {2000},
date-added = {2010-01-12 17:22:56 -0300},
date-modified = {2010-01-12 17:59:57 -0300},
pmid = {18011025252357521779related:c0FcXwoE9PkJ},


rating = {0}
}

@article{Squires:2005p65,
author = {TM Squires and S. R Quake}, 
journal = {Rev. Mod. Phys.},
title = {Microfluidics: Fluid physics at the nanoliter scale},
number = {3},
pages = {977--1026},
volume = {77},
year = {2005},
date-added = {2010-01-12 17:23:03 -0300},
date-modified = {2010-11-26 23:32:36 -0300},
pmid = {5357486292367087120related:EJaQ0WWdWUoJ},


rating = {0}
}

@article{Creath:1987p202,
author = {K Creath}, 
journal = {Appl. Opt.},
title = {Step height measurement using two-wavelength phase-shifting interferometry},

year = {1987},
month = {Jan},
date-added = {2010-01-19 21:27:42 -0300},
date-modified = {2010-01-19 21:27:42 -0300},
pmid = {13320744988454641036related:jF1nnP3K3LgJ},



rating = {0}
}

@article{Aldaye:2008p2593,
author = {F. A Aldaye and A. L Palmer and H. F Sleiman}, 
journal = {Science},
title = {Assembling Materials with DNA as the Guide},
number = {5897},
pages = {1795--1799},
volume = {321},
year = {2008},
month = {Sep},
date-added = {2011-01-27 15:58:53 -0300},
date-modified = {2011-01-27 15:58:53 -0300},
doi = {10.1126/science.1154533},


rating = {0}
}

@article{Gabrielli:2009p2590,
author = {Lucas H Gabrielli and Jaime Cardenas and Carl B Poitras and Michal Lipson}, 
journal = {Nat. Photonics},
title = {Silicon nanostructure cloak operating at optical frequencies},

number = {8},
pages = {461--463},
volume = {3},
year = {2009},
month = {Aug},
date-added = {2011-01-21 16:24:57 -0300},
date-modified = {2011-01-21 16:32:24 -0300},
doi = {10.1038/nphoton.2009.117},



read = {Yes},
rating = {0}
}

@article{Huber:2006p1747,
author = {R Huber and DC Adler and James G Fujimoto}, 
journal = {Opt. Lett.},
title = {Buffered Fourier domain mode locking: unidirectional swept laser sources for optical coherence tomography imaging at 370,000 lines/s},
number = {20},
pages = {2975--2977},
volume = {31},
year = {2006},
date-added = {2010-11-09 12:47:14 -0300},
date-modified = {2011-01-20 19:43:05 -0300},
pmid = {7468604623136374879related:X0DimVXQpWcJ},


rating = {0}
}

@article{Chao:2006p64,
author = {CY Chao and W Fung and LJ Guo}, 
journal = {IEEE J. Sel.Top. Quant.},
title = {Polymer microring resonators for biochemical sensing applications},
number = {1},
pages = {134--142},
volume = {12},
year = {2006},
date-added = {2010-01-12 17:22:41 -0300},
date-modified = {2010-01-12 18:18:56 -0300},
pmid = {7589746294639658230related:9oRV8woyVGkJ},


rating = {0}
}

@article{Murray:2000p2283,
author = {P E Murray and I About and P J Lumley and G Smith and J C Franquin and A J Smith}, 
journal = {J Am Dent Assoc},
title = {Postoperative pulpal and repair responses},

affiliation = {School of Dentistry, University of Birmingham, England.},
number = {3},
pages = {321--9},
volume = {131},
year = {2000},
month = {Mar},
language = {eng},
keywords = {Time Factors, Postoperative Complications, Dental Pulp, Adolescent, Dentin, Age Factors, Female, Pulpitis, Dental Restoration: Permanent, Humans, Analysis of Variance, Child, Male}, 
date-added = {2010-11-24 17:29:03 -0300},
date-modified = {2011-01-21 14:05:15 -0300},
pmid = {10715923},

rating = {0}
}

@article{Fonseca:2009p1,
author = {Deborah Fons{\^e}ca and Bernardo B C Kyotoku and Ana Marly A Maia and Anderson S L Gomes}, 
journal = {J. Biomed. Opt.},
title = {In vitro imaging of remaining dentin and pulp chamber by optical coherence tomography: comparison between 850 and 1280 nm},
pages = {024009},
volume = {14},
year = {2009},
date-added = {2010-01-12 15:40:44 -0300},
date-modified = {2011-04-05 21:13:27 -0300},
pmid = {7119919124237806518related:tmu0dbgIz2IJ},


read = {Yes},
rating = {0}
}

@article{Foster:2008p71,
author = {MA Foster and R Salem and DF Geraghty and AC Turner-Foster and Michal Lipson and AL Gaeta}, 
journal = {Nature},
title = {Silicon-chip-based ultrafast optical oscilloscope},
number = {7218},
pages = {81--84},
volume = {456},
year = {2008},
date-added = {2010-01-12 17:22:48 -0300},
date-modified = {2011-01-21 16:31:27 -0300},
pmid = {2521288605999462553related:mXjW-KBq_SIJ},


read = {Yes},
rating = {0}
}

@article{Louie:2005p1706,
author = {TM Louie and RS Jones and AV Sarma and Daniel Fried}, 
journal = {J. Biomed. Opt.},
title = {Selective removal of composite sealants with near-ultraviolet laser pulses of nanosecond duration},
pages = {014001},
volume = {10},
year = {2005},
date-added = {2010-11-09 01:32:33 -0300},
date-modified = {2011-01-20 19:45:32 -0300},
pmid = {14828594955892566453related:tSkgEIzAyc0J},


rating = {0}
}

@article{Jundt:1997p2583,
author = {DH Jundt}, 
journal = {Opt. Lett.},
title = {Temperature-dependent Sellmeier equation for the index of refraction, ne, in congruent lithium niobate},
number = {20},
pages = {1553},
volume = {22},
year = {1997},
date-added = {2010-12-11 18:54:51 -0300},
date-modified = {2011-01-20 19:43:05 -0300},
pmid = {17616693467671395531related:y3x_IV8Re_QJ},


rating = {0}
}

@article{Pierce:2007p2608,
author = {Niles A Pierce}, 
title = {6511},
pages = {1--24},
year = {2007},
month = {Jun},
date-added = {2011-01-27 17:04:07 -0300},
date-modified = {2011-01-27 17:04:13 -0300},


rating = {0}
}

@article{Garoushi:2007p2191,
author = {Sufyan K Garoushi and Lippo V J Lassila and Pekka K Vallittu}, 
journal = {J. Contemp. Dent. Pract.},
title = {Fatigue strength of fragmented incisal edges restored with a fiber reinforced restorative material},

affiliation = {Institute of Dentistry, University of Turku, Turku, Finland. sufgar@utu.fi},
number = {2},
pages = {9--16},
volume = {8},
year = {2007},
month = {Jan},
language = {eng},
keywords = {Statistics: Nonparametric, Incisor, Drug Combinations, Maxilla, Tooth Crown, Dental Stress Analysis, Dental Restoration: Permanent, Humans, Analysis of Variance, Composite Resins, Tooth Fractures, Polymethyl Methacrylate, Compressive Strength}, 
date-added = {2010-11-24 16:49:40 -0300},
date-modified = {2011-01-21 16:11:22 -0300},
pii = {1526-3711-371},
pmid = {17277822},


rating = {0}
}

@article{Armani:2005p68,
author = {DK Armani}, 
title = {Ultra-high-Q planar microcavities and applications},
year = {2005},
date-added = {2010-01-12 17:22:50 -0300},
date-modified = {2010-01-12 18:03:24 -0300},
pmid = {15951783225215754406related:piAFwVMeYN0J},


rating = {0}
}

@article{Marcuse:1976p93,
author = {D Marcuse}, 
journal = {J. Opt. Soc. Am.},
title = {Curvature loss formula for optical fibers},
number = {3},
pages = {216--220},
volume = {66},
year = {1976},
date-added = {2010-01-12 17:22:55 -0300},
date-modified = {2010-01-12 18:06:25 -0300},
pmid = {9031384898909142782related:_n5OGbfsVX0J},


rating = {0}
}

@article{Yung:1999p1694,
author = {KM Yung and SL Lee and JM Schmitt}, 
journal = {J. Biomed. Opt.},
title = {Phase-domain processing of optical coherence tomography images},
pages = {125},
volume = {4},
year = {1999},
date-added = {2010-11-09 01:32:50 -0300},
date-modified = {2011-01-20 19:45:32 -0300},
pmid = {17257063305693666089related:KZtMCqVnfe8J},


rating = {0}
}

@article{Ishikawa:2009p1382,
author = {Y Ishikawa and J Osaka and K Wada}, 
journal = {LEOS Annual Meeting {\ldots}},
title = {Germanium photodetectors in silicon photonics},

year = {2009},
month = {Jan},
date-added = {2010-10-19 14:56:57 -0300},
date-modified = {2010-10-19 14:56:57 -0300},
pmid = {6701365901656641324related:LM8oPsgIAF0J},


rating = {0}
}

@article{Morgner:2000p1722,
author = {U Morgner and Wolfgang Drexler and FX K{\"a}rtner and XD Li and C Pitris and EP Ippen and James G Fujimoto}, 
journal = {Opt. Lett.},
title = {Spectroscopic optical coherence tomography},
number = {2},
pages = {111--113},
volume = {25},
year = {2000},
date-added = {2010-11-09 01:32:35 -0300},
date-modified = {2011-01-20 19:43:05 -0300},
pmid = {2683365450641738081related:YYkOCKk6PSUJ},


rating = {0}
}

@article{Thyagarajan:1989p1391,
author = {K Thyagarajan and M Shenoy and A Ghatak}, 
journal = {Opt. Lett.},
title = {Accurate numerical method for the calculation of bending loss in optical waveguides using a matrix approach: erratum},

year = {1989},
month = {Jan},
date-added = {2010-10-21 09:21:50 -0300},
date-modified = {2011-01-20 19:43:05 -0300},
pmid = {related:Nw8FOvNMBDMJ},



rating = {0}
}

@article{Anonymous:2010p2587,
title = {untitled},
pages = {1--3},
year = {2010},
month = {Dec},
date-added = {2010-12-25 01:01:23 -0300},
date-modified = {2010-12-25 01:01:23 -0300},


rating = {0}
}

@article{Barwicz:2005p92,
author = {T Barwicz and HA Haus}, 
journal = {J. Lightwave Tech.},
title = {Three-dimensional analysis of scattering losses due to sidewall roughness in microphotonic waveguides},
number = {9},
pages = {2719},
volume = {23},
year = {2005},
date-added = {2010-01-12 17:22:40 -0300},
date-modified = {2011-01-20 19:45:24 -0300},
pmid = {8612856650376122047related:v44Hm30Dh3cJ},


rating = {0}
}

@article{Chen:2007p99,
author = {Long Chen and N Sherwood-Droz and Michal Lipson}, 
journal = {Opt. Lett.},
title = {Compact bandwidth-tunable microring resonators},
number = {22},
pages = {3361--3363},
volume = {32},
year = {2007},
date-added = {2010-01-12 17:22:41 -0300},
date-modified = {2011-01-21 16:31:27 -0300},
pmid = {12800007143493541251related:gx1l_q3CorEJ},


read = {Yes},
rating = {0}
}

@article{Yu:2009p19,
author = {Z Yu and S Fan}, 
journal = {Nat. Photonics},
title = {Complete optical isolation created by indirect interband photonic transitions},
number = {2},
pages = {91--94},
volume = {3},
year = {2009},
date-added = {2010-01-12 17:23:17 -0300},
date-modified = {2010-01-12 17:24:21 -0300},
pmid = {14054356916919763113related:qYCOGycbC8MJ},


rating = {0}
}

@article{Keiser:1999p75,
author = {GE Keiser}, 
journal = {Opt. Fib. Technol.},
title = {A review of WDM technology and applications},
number = {1},
pages = {3--39},
volume = {5},
year = {1999},
date-added = {2010-01-12 17:23:03 -0300},
date-modified = {2010-01-12 17:34:40 -0300},
pmid = {14950027431539347149related:zY4_h70qec8J},


read = {Yes},
rating = {0}
}

@article{Yan:2008p83,
author = {M Yan and S Choi and KRV Subramanian and I Adesida}, 
journal = {J. Vac. Sci. Technol. B},
title = {The effects of molecular weight on the exposure characteristics of poly (methylmethacrylate) developed at low temperatures},
pages = {2306},
volume = {26},
year = {2008},
date-added = {2010-01-12 17:23:11 -0300},
date-modified = {2011-01-21 14:02:21 -0300},
pmid = {6402747137449360643related:A31RKpkg21gJ},


read = {Yes},
rating = {0}
}

@article{Fried:2002p1711,
author = {Daniel Fried and J Xie and S Shafi and JDB Featherstone and TM Breunig and C Le}, 
journal = {J. Biomed. Opt.},
title = {Imaging caries lesions and lesion progression with polarization sensitive optical coherence tomography},
pages = {618},
volume = {7},
year = {2002},
date-added = {2010-11-09 01:32:24 -0300},
date-modified = {2011-01-20 19:45:32 -0300},
pmid = {14656005635745880201related:iZjBkHmXZMsJ},


rating = {0}
}

@article{Braem:1994p2520,
author = {M Braem and P Lambrechts and G Vanherle}, 
journal = {J. Dent.},
title = {Clinical relevance of laboratory fatigue studies},

affiliation = {Department of Morphology, State University of Antwerp (RUCA), Belgium.},
number = {2},
pages = {97--102},
volume = {22},
year = {1994},
month = {Apr},
language = {eng},
keywords = {Hardness, Materials Testing, Bisphenol A-Glycidyl Methacrylate, Composite Resins, Particle Size, Chemistry: Physical, Physicochemical Phenomena, Tensile Strength, Humidity, Bite Force, Elasticity, Surface Properties, Humans}, 
date-added = {2010-11-24 22:12:17 -0300},
date-modified = {2011-01-21 14:19:53 -0300},
pmid = {8195483},


rating = {0}
}

@article{Schwider:1989p371,
author = {J Schwider}, 
journal = {Appl. Opt.},
title = {Phase shifting interferometry: reference phase error reduction},

year = {1989},
month = {Jan},
date-added = {2010-01-19 21:53:00 -0300},
date-modified = {2010-01-19 21:53:00 -0300},
pmid = {3251884485175033451related:az52xbUDIS0J},



rating = {0}
}

@article{Iftimia:2003p1725,
author = {N Iftimia and Brett E Bouma and G J Tearney}, 
journal = {J. Biomed. Opt.},
title = {Speckle reduction in optical coherence tomography by ``path length encoded'' angular compounding},
pages = {260},
volume = {8},
year = {2003},
date-added = {2010-11-09 01:32:29 -0300},
date-modified = {2011-01-20 19:45:32 -0300},
pmid = {4907471030681808719related:Ty9PyebWGkQJ},


read = {Yes},
rating = {0}
}

@article{Braz:2009p2143,
author = {Ana K S Braz and Bernardo B C Kyotoku and Rodivan Braz and Anderson S L Gomes}, 
journal = {Dent. Mater.},
title = {Evaluation of crack propagation in dental composites by optical coherence tomography},

affiliation = {Graduate Program in Odontology, Universidade Federal de Pernambuco, Recife, PE, Brazil. anakarla_81@hotmail.com},
number = {1},
pages = {74--9},
volume = {25},
year = {2009},
month = {Jan},
language = {eng},
keywords = {Dental Materials, Surface Properties, Tomography: Optical Coherence, Image Processing: Computer-Assisted, Glass, Stress: Mechanical, Polymers, Humans, Composite Resins, Temperature, Fourier Analysis, Materials Testing, Ceramics}, 
date-added = {2010-11-24 15:46:38 -0300},
date-modified = {2011-04-05 21:13:27 -0300},
doi = {10.1016/j.dental.2008.04.011},
pii = {S0109-5641(08)00142-5},
pmid = {18603290},



read = {Yes},
rating = {0}
}

@article{Miyagi:1978p1770,
author = {M Miyagi and S Nishida}, 
journal = {J. Opt. Soc. Am. A},
title = {Bending losses of dielectric rectangular waveguides for integrated optics},
number = {3},
pages = {316--319},
volume = {68},
year = {1978},
date-added = {2010-11-18 14:57:04 -0300},
date-modified = {2011-01-21 14:10:24 -0300},
pmid = {11117107831294434577related:EZ0E7qvmR5oJ},


read = {Yes},
rating = {0}
}

@article{Society:2009p841,
author = {Optical Society}, 
title = {Title: font: times; size: 18 point; style: plain; justified: center; capitalization: first word and Names only},
pages = {1--6},
year = {2009},
month = {Dec},
date-added = {2010-06-11 10:28:10 -0300},
date-modified = {2010-06-11 10:28:10 -0300},


rating = {0}
}

@article{Li:2008p55,
author = {W Li and J Liang and Z Liang and X Li and W Wang and Y Zhong and D Sun}, 
journal = {Opt. Express},
title = {Design and fabrication of a micro-optic switch},
number = {9},
pages = {6324--6330},
volume = {16},
year = {2008},
date-added = {2010-01-12 17:22:54 -0300},
date-modified = {2011-01-21 15:08:06 -0300},
pmid = {7243952827517508517related:pRvebbewh2QJ},


rating = {0}
}

@article{Yun:2003p1714,
author = {SH Yun and G J Tearney and Brett E Bouma and B Park and Johannes F De Boer}, 
journal = {Opt. Express},
title = {High-speed spectral-domain optical coherence tomography at 1.3 Œºm wavelength},
number = {26},
pages = {3598--3604},
volume = {11},
year = {2003},
date-added = {2010-11-09 01:32:42 -0300},
date-modified = {2011-01-21 15:08:06 -0300},
pmid = {8197498652403042631related:Rwk6l5ddw3EJ},


read = {Yes},
rating = {0}
}

